3005 4257
417 200 498 264 18
916 198 1136 252 LIBER
1172 198 1339 251 XLII.
1379 198 1529 252 GAP.
1572 199 1653 250 14.
1694 199 1773 250 15.
1816 193 1887 263 [a.
1925 197 1989 251 U.
2031 213 2078 249 c.
2119 192 2244 260 582]

362 392 388 431 9
411 373 610 437 larem
657 369 914 454 quidem
958 392 1158 455 neque
1203 368 1405 433 Asiae
1449 369 1770 451 ingratam
1814 367 2068 454 populis
2117 404 2201 413 —
2245 387 2396 431 nam
2442 385 2518 430 eo
2550 383 2798 446 quoque

414 459 542 523 iam
587 459 768 522 favor
811 457 1031 521 Persei
1073 464 1338 521 venerat
1387 494 1462 502 —-
1514 455 1866 520 orationem
1911 454 2148 532 habuit,
2197 460 2479 518 ceterum
2522 451 2798 515 invisam

335 567 387 605 ιο
415 545 664 610 senatui
691 544 1106 625 inutilemque
1153 543 1275 608 sibi
1322 550 1385 607 et
1428 542 1673 607 civitati
1704 561 1877 607 suae.
1929 541 2199 606 Eumeni
2230 559 2383 605 vero
2414 538 2798 622 conspiratio

412 631 723 697 adversus
769 650 914 695 eum
959 630 1238 694 favorem
1284 631 1604 694 maiorem
1647 627 1823 715 apud
1852 629 2174 693 Romanos
2219 627 2387 692 fecit.
2439 626 2531 690 ita
2577 644 2797 689 omnes

415 719 474 784 ei
519 718 794 783 honores
839 716 1060 798 habiti,
1109 715 1404 798 donaque
1451 723 1599 781 sunt
1631 736 1821 799 quam
1851 715 2250 800 amplissima
2280 714 2433 778 data
2464 733 2607 778 cum
2641 712 2796 776 sella
2826 726 2850 764 ⁵

414 806 615 871 curuli
661 812 850 887 atque
897 803 1177 869 eburneo
1221 804 1523 889 scipione.

361 965 385 1002 1
622 942 763 1008 XV.
810 941 1273 1023 Legationibus
1320 941 1598 1006 dimissis
1644 960 1788 1007 cum
1833 940 2173 1026 HarpaluS,
2242 945 2481 1022 quanta
2526 937 2801 1002 maxima

414 1030 738 1096 celeritate
784 1036 1051 1114 poterat,
1099 1048 1431 1112 regressus
1476 1029 1544 1093 in
1574 1028 2018 1094 Macedoniam
2043 1027 2401 1092 nuntiasset
2446 1025 2602 1107 regi,
2651 1044 2798 1088 non-

414 1118 566 1182 dum
628 1114 883 1199 quidem
945 1123 1247 1199 parantes
1307 1115 1549 1180 bellum
1607 1115 1944 1198 reliquisse
2005 1134 2074 1179 se
2136 1115 2471 1192 Romanos„
2536 1110 2654 1176 sed
2709 1111 2799 1174 ita

361 1225 386 1262 2
413 1205 702 1281 infestos,
746 1210 816 1267 ut
861 1203 1050 1267 facile
1097 1209 1455 1287 appareret,
1478 1222 1606 1267 non
1652 1202 1975 1286 dilaturOS,
2037 1209 2099 1266 et
2142 1201 2300 1284 ipse,
2349 1207 2798 1284 praeterquam
2829 1230 2881 1266 10

413 1289 585 1373 quod
630 1298 692 1354 et
735 1290 826 1353 ita
871 1288 1174 1353 credebat
1222 1288 1523 1369 futurum,
1570 1290 1699 1353 iam
1731 1290 1923 1354 etiam
1952 1288 2227 1368 volebat,
2277 1287 2342 1350 in
2388 1285 2540 1350 flore
2571 1285 2798 1350 virium

361 1396 387 1435 3
414 1398 485 1444 se
530 1376 797 1442 credens
844 1396 1005 1441 esse.
1082 1376 1351 1440 Eumeni
1390 1381 1538 1441 ante
1569 1395 1790 1441 omnes
1834 1376 2103 1441 infestus
2137 1381 2307 1456 erat3
2353 1395 2391 1436 a
2438 1372 2617 1437 cuius
2663 1391 2799 1436 san-

413 1464 607 1548 guine
655 1459 910 1528 ordiens
957 1463 1215 1543 bellum,
1264 1462 1634 1526 Euandrum
1680 1462 2062 1542 Cretensem,
2126 1460 2353 1525 ducem
2398 1458 2797 1537 auxiliorum,

414 1558 478 1617 et
544 1546 934 1617 Macedonas
1001 1557 1132 1613 tres
1201 1548 1502 1614 adsuetos
1572 1549 1934 1614 ministeriis
2002 1547 2228 1614 talium
2295 1546 2651 1612 facinorum
2716 1544 2801 1609 ad

414 1637 680 1704 caedem
724 1636 899 1719 regis
946 1636 1270 1717 subornat,
1331 1636 1706 1717 litterasque
1767 1637 1858 1701 eis
1905 1636 2017 1700 dat
2062 1634 2146 1699 ad
2191 1633 2400 1698 Praxo
2460 1632 2797 1715 hospitam,
2831 1660 2883 1700 15

361 1743 388 1781 4
412 1725 767 1811 principem
791 1722 1168 1788 auctoritate
1200 1729 1264 1788 et
1294 1722 1521 1807 opibus
1554 1722 1974 1807 Delphorum.
2008 1722 2162 1786 satis
2195 1720 2543 1800 constabat,
2579 1720 2802 1783 Eume-

412 1831 576 1892 nem,
639 1817 708 1875 ut
766 1809 1155 1875 sacrificaret
1199 1808 1500 1895 Apollini,
1560 1810 1855 1893 Delphos
1916 1827 2346 1874 escensurum.
2439 1805 2804 1891 praegressi

415 1919 560 1964 cum
605 1897 907 1962 Euandro
950 1896 1354 1962 insidiatores
1398 1896 1559 1960 nihil
1624 1896 1800 1960 aliud
1843 1896 1930 1961 ad
1974 1893 2413 1979 peragendum
2479 1893 2803 1977 inceptum

361 2001 389 2042 5
416 2006 604 2069 quam
636 1985 761 2050 loci
792 1984 1344 2069 opportunitatem,
1378 1983 1593 2048 omnia
1623 1984 2102 2063 circumeuntes,
2140 1979 2552 2064 quaerebant.
2588 1999 2805 2044 escen-

411 2071 708 2139 dentibus
753 2070 838 2136 ad
882 2070 1191 2156 templum
1236 2092 1276 2135 a
1322 2069 1563 2153 Cirrha,
1630 2071 1998 2155 priusquam
2064 2068 2510 2155 perveniretur
2553 2066 2638 2131 ad
2685 2066 2805 2131 fre·
2833 2093 2885 2134 20

413 2292 580 2360 quide
598 2287 617 2357 ΙΙ
636 2287 1497 2356 quidemingratampopulisnam
1538 2285 1886 2356 (popularem
1946 2288 2173 2355 quidem
2215 2304 2279 2341 ac
2324 2291 2542 2353 gratam
2582 2286 2809 2355 populis

410 2379 574 2434 Asiae
599 2409 667 2418 —
690 2392 819 2428 nam
865 2377 943 2427 ed.
982 2374 1111 2428 Bas,
1147 2372 1343 2440 1531),
1395 2375 1723 2443 popularem
1773 2375 1996 2441 quidem
2043 2375 2260 2441 <neque
2293 2373 2493 2436 Asiae>
2530 2372 2809 2440 ingratam

412 2464 636 2535 populis
659 2495 728 2504 -
752 2461 1091 2514 namHartel
1118 2479 1177 2531 p.
1213 2460 1308 2527 20,
1337 2463 1489 2531 prob.
1530 2461 1598 2514 H.
1634 2463 1681 2514 I.
1706 2462 1901 2515 Mulier
1926 2480 2050 2515 ann.
2075 2463 2251 2514 Berol.
2289 2458 2452 2528 1889,
2482 2478 2541 2530 p.
2566 2458 2648 2513 32
2689 2458 2811 2528 (po-

413 2552 666 2621 pularem
703 2549 929 2616 quidem
962 2565 1068 2602 nec
1119 2545 1324 2615 [neque
1373 2548 1730 2601 Weissenborn
1785 2550 1840 2601 in
1873 2551 1951 2603 ed.
1994 2546 2218 2615 Teubn]
2271 2548 2544 2615 ingratam
2582 2549 2812 2616 populis

413 2637 643 2701 <Asiae>
667 2662 736 2672 —
759 2652 890 2688 nam
908 2636 1175 2703 Kreyssiq,
1203 2635 1559 2688 Weissenborn
1577 2637 1612 2688 l.
1631 2638 1694 2702 l.;
1718 2635 2081 2704 popularibus
2101 2635 2326 2703 quidem
2344 2640 2564 2701 gratam
2586 2661 2655 2670 -
2681 2652 2814 2688 nam

413 2725 629 2792 Madviy
666 2723 786 2775 Em.
810 2722 874 2775 L.
904 2740 963 2791 p.
989 2719 1109 2775 626
1121 2738 1140 2787 ;
1174 2722 1508 2800 popularem
1531 2721 1755 2789 quidem
1780 2722 2004 2789 suisque
2027 2739 2143 2777 non
2178 2722 2458 2789 ingratam
2491 2722 2719 2791 populis
2744 2750 2815 2759 -

414 2828 542 2864 nam
588 2810 804 2863 Harant
846 2827 905 2879 p.
953 2806 1120 2874 236).
1192 2805 1202 2875 Ι
1270 2810 1323 2861 4.
1387 2808 2181 2878 fauoremaputromanosfecit,
2275 2809 2561 2873 fav<orem
2637 2811 2815 2873 mai>-

412 2914 567 2952 orem
602 2896 750 2965 apud
784 2896 1063 2949 Romanos
1099 2895 1236 2949 fecit
1271 2895 1431 2948 Hertz
1467 2898 1524 2948 in
1560 2898 1682 2949 adn.
1718 2899 1833 2950 crit.
1865 2915 1921 2965 p.
1959 2898 2105 2950 XXI
2128 2895 2399 2965 (favorem
2434 2898 2582 2965 apud
2606 2898 2816 2953 Roma-

410 3001 516 3040 nos
557 2983 715 3037 auxit
760 2984 893 3036 coni.
929 2982 977 3035 1.
1012 2983 1078 3036 F.
1119 2979 1451 3047 Gronovius).
1490 2979 1500 3049 Ι
1544 2986 1610 3036 5.
1631 2983 2503 3052 donaquecuiquamamplissima,
2552 2984 2817 3053 donaque

413 3075 545 3125 sunt
581 3087 748 3138 quam
789 3068 1132 3138 amplissima
1168 3068 1381 3121 Harant
1411 3087 1466 3137 p.
1501 3067 1623 3123 236
1674 3068 1763 3135 (cl.
1801 3070 1977 3136 XLV,
2024 3069 2118 3138 39,
2157 3070 2246 3137 10,
2294 3071 2384 3123 ubi
2430 3074 2541 3124 cod.
2581 3077 2676 3125 cut
2707 3091 2816 3142 pro

413 3161 545 3210 sunt
574 3155 832 3227 praebet),
870 3156 1143 3223 donaque,
1180 3156 1391 3224 <quae>
1430 3156 1688 3222 cuiquam
1718 3157 2060 3224 amplissima
2093 3158 2316 3225 Aladviy
2353 3158 2473 3213 Em.
2499 3158 2564 3212 L.
2582 3177 2642 3229 p.
2671 3158 2816 3226 626,

413 3244 669 3310 donaque
704 3260 871 3310 quam
907 3242 1246 3311 amplissima
1281 3245 1361 3296 ed.
1397 3243 1528 3296 Bas.
1568 3241 1719 3296 1531
1758 3241 1855 3313 (cf.
1894 3242 2087 3298 ΝουάΙε
2114 3263 2174 3314 p.
2210 3242 2377 3311 260).
2410 3242 2420 3311 Ι
2451 3248 2501 3300 6.
2558 3247 2758 3313 adque.
2807 3245 2813 3314 Ι

413 3332 463 3383 7.
489 3344 637 3397 quan
656 3325 674 3395 ΙΙ
692 3329 904 3383 exima*
936 3327 1166 3396 (quanta
1214 3328 1421 3383 eximia
1442 3332 1519 3384 ed.
1558 3331 1687 3383 Bas.
1726 3329 1922 3396 1531),
1978 3336 2186 3399 quanta
2219 3332 2463 3386 maxima
2497 3333 2759 3387 Muretus.
2805 3330 2815 3401 Ι

415 3421 464 3471 9.
502 3416 768 3483 parantis.
799 3413 809 3483 Ι
844 3419 924 3470 10.
964 3417 1136 3485 ipsae.
1169 3414 1179 3483 Ι
1214 3419 1294 3470 11.
1321 3418 1378 3470 et
1413 3416 1506 3485 ita,
1526 3418 1668 3487 fort.
1694 3417 1775 3472 ita
1807 3419 2164 3472 Weissenborn
2200 3422 2255 3471 in
2291 3422 2416 3474 adn.
2455 3423 2533 3474 ed.
2590 3422 2817 3476 Weidm.

405 3521 465 3573 p.
485 3500 576 3557 83.
608 3500 618 3569 Ι
652 3505 734 3556 12.
754 3503 952 3558 omnis,
983 3499 993 3569 Ι
1027 3507 1108 3557 13.
1129 3503 1330 3571 oriens,
1342 3520 1478 3557 corr.
1498 3507 1577 3557 ed.
1601 3505 1731 3558 Bas,
1752 3503 1917 3558 1531.
1950 3503 1959 3572 Ι
1995 3508 2073 3559 14.
2088 3506 2374 3560 ministris.
2407 3504 2417 3573 Ι
2447 3506 2779 3564 facinorum.
2805 3506 2815 3577 Ι

416 3591 497 3657 15.
523 3590 732 3643 cedem.
764 3587 774 3656 Ι
809 3592 889 3644 16.
908 3587 1150 3656 Eume-ll
1169 3594 1249 3656 ut,
1268 3591 1339 3656 cf.
1369 3591 1647 3644 G'itlbauer
1663 3610 1721 3661 p.
1748 3590 1840 3645 64.
1873 3588 1882 3657 Ι
1917 3594 1998 3645 17.
2022 3592 2537 3661 Apollinedelpos*.
2570 3591 2578 3660 Ι
2612 3595 2822 3663 εηεοδΙΙ

415 3695 657 3761 surum*,
677 3711 1039 3749 ascensurum
1066 3698 1143 3748 ed.
1173 3696 1302 3749 Bae.
1333 3692 1500 3760 1531,
1540 3713 1675 3749 corr.
1713 3697 2110 3751 Drakenborch.
2142 3694 2152 3763 Ι
2184 3699 2483 3766 progressi,
2521 3716 2657 3751 corr.
2677 3701 2729 3753 Ι.
2750 3701 2820 3754 F.

418 3780 726 3835 Gronovius.
760 3779 769 3847 Ι
804 3784 885 3837 18.
911 3783 1176 3837 Euandro
1200 3792 1332 3835 recte
1369 3782 1510 3836 cod.*
1540 3781 1549 3850 Ι
1585 3787 1665 3839 19.
1702 3786 2022 3852 quar-ebat*.
2058 3782 2067 3852 Ι
2098 3786 2510 3840 escendentib.*
2542 3782 2552 3851 Ι
2582 3788 2667 3839 20.
2693 3786 2821 3841 Cir-

413 3884 873 3937 rapnmusquam.
