3005 4257
1052 575 1310 686 ΤΙΤΙ
1381 576 1664 687 LIVI

814 752 956 824 AB
1012 754 1326 829 URBE
1384 752 1913 828 CONDtTA

1136 909 1360 962 LIBER
1399 908 1592 961 xL111.

1253 1048 1460 1057 n—

374 1167 423 1229 Ι.
476 1165 718 1230 Eadem
747 1173 1008 1247 aestate,
1057 1187 1183 1249 qua
1233 1170 1297 1231 in
1351 1168 1688 1233 Thessalia
1741 1170 1900 1231 haec
1939 1178 2114 1252 qesta
2170 1177 2334 1246 sunt,
2383 1167 2554 1249 lega·
2583 1193 2603 1226 1

163 1259 268 1316 tus
316 1253 376 1316 in
426 1252 755 1335 Illyricum
802 1275 842 1316 a
887 1255 1148 1318 consule
1200 1255 1432 1319 missus
1480 1257 1780 1355 opulenta
1842 1254 1965 1317 duo
2027 1254 2263 1338 oppida
2316 1274 2555 1353 oppug-

162 1339 357 1403 navit.
448 1339 801 1404 Ceremiam
833 1343 897 1405 vi
928 1348 1118 1442 atque
1162 1342 1353 1405 armis
1386 1342 1598 1423 coegit
1644 1342 1707 1405 in
1752 1340 2170 1423 deditionem3
2221 1340 2557 1422 omniaque
2584 1363 2608 1400 2

167 1427 244 1490 iis
292 1445 409 1490 sua
467 1427 801 1506 concessit,
871 1435 939 1492 ut
1007 1428 1304 1512 opinione
1372 1428 1749 1492 clementiae
1797 1448 1925 1508 eoS,
1997 1428 2105 1511 qui
2154 1426 2553 1504 Carnuntem,

110 1533 136 1569 ⁶
165 1513 471 1577 munitam
502 1514 741 1595 urbem,
780 1479 1158 1594 incolebant,
1207 1515 1534 1580 adliceret.
1582 1522 1919 1599 postquam
1950 1535 2085 1596 nec,
2133 1522 2202 1578 ut
2249 1513 2557 1578 dederent
2584 1535 2608 1573 3

165 1619 255 1680 se,
305 1600 672 1685 conpellere
717 1621 924 1683 neque
956 1621 1185 1686 capere
1217 1601 1567 1667 obsidendo
1598 1609 1864 1686 poterat,
1912 1622 1993 1666 ne
2032 1601 2276 1666 duabus
2315 1622 2557 1686 oppug-

164 1683 528 1752 nationibus
572 1688 957 1770 nequiquam
1003 1689 1312 1771 fatigatus
1357 1689 1541 1754 miles
1573 1697 1755 1768 esset,
1807 1708 1995 1770 quam
2036 1689 2208 1772 prius
2253 1688 2555 1753 intactam

166 1774 387 1837 urbem
435 1775 796 1857 reliquerat,
847 1775 1121 1859 diripuit.

377 1861 557 1925 Alter
602 1862 823 1926 consul
869 1862 937 1926 C.
990 1862 1256 1928 Cassius
1301 1882 1421 1926 nec
1464 1862 1532 1925 in
1578 1861 1807 1941 Gallia,
1864 1882 2051 1943 quam
2099 1862 2353 1925 sortitus
2400 1867 2553 1941 erat,
2584 1883 2606 1918 4

86 1965 139 2001 ιο
166 1949 580 2013 memorabile
625 1950 966 2031 quicquam
1011 1949 1213 2031 gessit
1245 1956 1308 2014 et
1353 1970 1469 2033 per
1505 1948 1831 2031 Illyricum
1880 1948 2112 2012 ducere
2159 1948 2445 2030 legiones
2492 1948 2557 2012 in

167 2034 608 2100 Macedoniam
654 2055 821 2100 vano
867 2036 1122 2120 incepto
1169 2043 1264 2101 est
1311 2043 1591 2101 conatus.
1656 2036 2015 2117 ingressum
2070 2035 2189 2099 hoc
2243 2035 2362 2098 iter
2408 2055 2556 2099 con·
2585 2058 2608 2092 5

167 2121 370 2187 sulem
417 2131 676 2189 senatus
722 2144 804 2187 ex
853 2122 1356 2205 Aquileiensium
1402 2123 1634 2206 legatis
1682 2122 2000 2206 cognovit,
2066 2123 2170 2205 qui
2220 2128 2556 2204 querentes

168 2210 483 2274 coloniam
528 2231 708 2275 suam
751 2231 983 2275 novam
1030 2220 1092 2276 et
1136 2211 1445 2275 infirmam
1512 2210 1783 2275 necdum
1829 2211 1982 2275 satis
2041 2211 2343 2274 munitam
2396 2209 2558 2273 inter

168 2295 436 2362 infestas
482 2298 770 2362 nationes
817 2299 1175 2363 Histrorum
1224 2307 1287 2363 et
1332 2298 1694 2381 Illyriorum
1743 2318 1902 2381 esse,
1948 2317 2093 2361 cum
2139 2304 2442 2382 peterent,
2490 2303 2557 2360 ut
2586 2318 2610 2353 ο

90 2398 142 2434 1⁶
170 2391 429 2448 senatus
460 2404 650 2449 curae
680 2385 962 2466 haberet,
1011 2385 1325 2468 quomodo
1358 2405 1435 2449 ea
1466 2385 1715 2450 colonia
1757 2384 2118 2464 muniretur,
2166 2384 2555 2465 interrogati,

169 2470 489 2535 vellentne
536 2492 677 2536 eam
723 2492 857 2536 rem
888 2472 955 2537 C.
994 2472 1215 2537 Cassio
1264 2472 1506 2537 consuli
1552 2471 1859 2551 mandari,
1907 2471 2367 2555 responderunt
2405 2470 2556 2535 Cas·
2586 2488 2609 2527 ‘1

169 2558 332 2622 sium
368 2558 730 2640 Aquileiam
775 2559 1012 2624 indicto
1044 2561 1324 2624 exercitu
1370 2559 1728 2643 profect-um
1759 2580 1873 2642 per
1902 2559 2227 2641 Illyricum
2257 2558 2322 2622 in
2356 2558 2557 2622 Mace·

170 2643 425 2708 doniam
473 2666 633 2710 esse.
686 2666 763 2710 ea
805 2667 908 2711 res
954 2647 1155 2731 primo
1214 2645 1606 2711 incredibilis
1653 2645 1810 2726 visa,
1874 2653 1938 2709 et
1983 2666 2097 2729 pro
2160 2666 2227 2710 se
2290 2646 2557 2727 quisque

170 2732 431 2795 credere
478 2732 701 2797 Carnis
748 2732 1014 2798 forsitan
1060 2741 1170 2798 aut
1217 2733 1447 2797 Histris
1492 2733 1732 2797 bellum
1794 2733 2075 2795 inlatum.
2124 2740 2256 2796 tum
2305 2732 2558 2812 Aquile-
2586 2752 2609 2787 ε

91 2829 141 2867 2⁰
169 2817 413 2883 ienses:
470 2819 631 2896 ‚nihil
678 2840 747 2884 se
791 2821 958 2884 ultra
1004 2821 1164 2884 scire
1217 2840 1334 2885 nec
1380 2820 1617 2884 audere
1663 2818 2018 2899 adfirmare,
2067 2839 2254 2900 quam
2300 2819 2560 2901 triginta

383 3016 426 3065 1.
466 3018 664 3067 aet-ate.
705 3011 713 3081 Ι
753 3015 889 3067 haec
926 3018 1086 3080 gesta
1122 3017 1255 3067 sunt
1294 3014 1414 3065 add.
1453 3012 1720 3080 Kreyssiy.
1765 3010 1771 3076 Ι
1812 3014 1863 3064 2.
1888 3012 2046 3079 leyati
2079 3027 2260 3062 nomen
2286 3011 2559 3074 intercidit,

168 3115 275 3163 nec,
313 3107 369 3150 ut
403 3100 650 3168 Siyonius
682 3102 897 3169 putavit,
940 3101 1000 3162 Q.
1039 3100 1250 3152 Mucius
1285 3101 1331 3152 is
1368 3116 1471 3152 esse
1500 3100 1689 3168 potuit,
1747 3098 1835 3165 qui
1871 3100 1942 3149 ad
1976 3097 2302 3149 obtinendam
2338 3096 2561 3148 Ambra·

169 3203 302 3254 eiam
338 3205 522 3256 missus
557 3214 669 3257 erat
709 3202 806 3272 (cf.
844 3204 1141 3266 XXXXII,
1180 3201 1267 3268 67,
1307 3201 1388 3268 9.)
1420 3199 1428 3269 Ι
1458 3187 1606 3257 cons,
1645 3183 1900 3256 omissae.
1930 3196 1938 3266 Ι
1968 3200 2517 3268 oppugnajuiceremi
2538 3227 2562 3238 -

166 3284 185 3354 ΙΙ
221 3289 387 3355 amui,
424 3291 789 3359 oppugnavit.
828 3291 1136 3344 Ceremiam
1161 3291 1217 3342 vi
1254 3290 1473 3358 Madviy
1511 3291 1630 3342 Em.
1658 3289 1720 3341 L.
1740 3307 1797 3358 p.
1823 3285 1957 3353 663,
1995 3287 2354 3354 oppugnavit.
2395 3286 2560 3338 Creu-

168 3375 321 3429 nium
358 3375 417 3430 vi
458 3378 523 3430 G.
562 3379 624 3431 F.
670 3378 863 3446 Unqer,
902 3376 1263 3443 oppugnavit.
1303 3393 1497 3429 eorum
1517 3394 1692 3428 unum
1715 3375 1773 3427 vi
1803 3374 2198 3427 Weissenborn
2178 3393 2232 3425 m
2258 3376 2335 3426 ed.
2367 3372 2560 3424 Teubn.

173 3457 195 3563 Ι.
235 3466 282 3516 3.
320 3464 516 3531 adque.
559 3462 567 3531 Ι
617 3464 1009 3531 omniaquaeis.
1069 3461 1077 3530 Ι
1126 3466 1176 3516 4.
1216 3462 1902 3530 conoess1t1nop111nione.
1963 3459 1970 3526 Ι
2030 3478 2352 3526 quecarnun
2379 3460 2400 3520 ll
2425 3463 2562 3511 tem

171 3569 563 3638 capmunitam.
603 3565 699 3636 16.
745 3569 1022 3636 conplere.
1066 3564 1438 3634 lopsidendo.
1499 3565 1507 3633 Ι
1566 3569 1613 3620 8.
1669 3565 1828 3631 reliq.
1859 3566 1879 3626 ΙΙ
1908 3569 2009 3618 rat.
2069 3565 2076 3630 Ι
2135 3569 2183 3619 9.
2234 3581 2384 3619 cone.
2426 3557 2434 3627 Ι
2478 3564 2558 3614 10.

169 3655 588 3726 perinlyricum.
646 3653 653 3721 Ι
704 3655 958 3723 ligioneS.
1001 3651 1008 3720 Ι
1052 3657 1131 3706 11.
1185 3653 1516 3707 madoniam.
1560 3650 1565 3720 Ι
1613 3656 1691 3704 12.
1737 3652 1887 3718 quiq.
1917 3654 2230 3712 llrerenteS.
2273 3648 2281 3718 Ι
2325 3651 2405 3702 14.
2444 3662 2560 3712 sys-

172 3749 402 3797 trorum.
446 3741 454 3808 Ι
499 3745 577 3796 16.
617 3760 762 3796 cone.
806 3741 812 3808 Ι
858 3746 936 3794 17.
976 3740 1292 3808 inlyricum.
1335 3737 1343 3807 Ι
1383 3739 1826 3794 macedoniamse
1864 3739 1885 3800 ΙΙ
1923 3755 2001 3791 ea.
2043 3735 2050 3803 Ι
2096 3741 2179 3791 20.
2208 3755 2309 3792 nec
2337 3732 2558 3788 audisse

172 3829 466 3883 adfirmare
507 3832 637 3882 coni.
679 3830 950 3882 Gitlbauer
978 3847 1035 3898 p.
1074 3825 1197 3880 113.
2403 3851 2524 3924 f

278 3950 459 3988 Liviu
477 3961 498 3987 s
526 3960 629 3997 pars
656 3949 758 3989 VII.
786 3949 899 3988 fasc.
930 3949 1017 3987 111.
1049 3948 1200 3987 Editio
1228 3949 1384 3987 maior.
2259 3936 2282 3983 1
