3005 4257
405 217 489 280 84
942 212 1165 267 LIBER
1203 215 1367 271 xm.
1408 214 1560 268 CAP.
1598 219 1681 270 65.
1720 220 1803 270 66.
1843 215 1915 284 [a.
1953 218 2017 271 U.
2058 234 2103 270 ο.
2141 215 2266 283 583]

324 406 374 444 14
402 407 717 453 armorum
763 386 999 451 auxilia
1044 386 1328 466 adiecti3,
1377 386 1460 450 ad
1507 389 1811 452 tumulum
1867 388 2207 473 praecedit.
2258 390 2530 454 consulis
2592 390 2791 455 latera

401 482 626 556 tegunt
670 475 1004 553 EumeneS,
1053 472 1303 538 Attalus
1351 481 1414 537 et
1459 474 1841 556 Misagenes,
1890 476 2147 558 regulus
2192 475 2628 541 Numidarum.

352 606 373 643 1
611 587 842 650 LXVI
894 584 1051 649 Cum
1095 585 1162 648 in
1197 595 1540 671 conspectu
1586 587 1789 670 prima
1834 587 2019 669 signa
2065 607 2316 651 suorum
2363 588 2791 653 circumsessis

404 673 673 754 fuerunt,
721 673 1019 737 Romanis
1081 671 1336 753 quidem
1397 674 1477 738 ab
1540 675 1785 738 ultuma
1845 674 2282 758 desperatione
2333 684 2650 740 recreatus
2698 684 2794 739 est

350 778 374 816 2
403 760 667 824 animus.
729 760 1016 839 Perseus,
1065 759 1164 823 cui
1224 760 1492 844 primum
1558 761 1834 825 omnium
1880 761 2102 840 fuerat,
2166 769 2250 842 ut,
2299 770 2626 826 contentus
2675 762 2794 826 for·
2823 782 2847 819 ⁵

404 847 561 911 tuito
637 866 952 926 successu,
1023 846 1223 929 captis
1291 847 1534 928 aliquot
1601 847 2154 912 frumentatoribus
2228 848 2598 930 occisisque,
2667 870 2795 912 non

352 954 377 992 3
405 941 635 999 tereret
679 941 926 1017 tempus
965 933 1029 995 in
1062 933 1389 998 obsidione
1435 934 1755 1018 praesidii,
1788 934 2151 1014 secundum,
2200 956 2277 1000 ea
2308 955 2557 1017 quoque
2602 943 2797 1019 temp-

404 1028 538 1085 tata
585 1028 940 1099 utcumque,
990 1040 1131 1083 cum
1178 1020 1365 1084 sciret
1410 1021 1568 1084 nihil
1622 1021 1862 1085 roboris
1910 1040 2124 1085 secum
2176 1041 2335 1102 esse,
2385 1021 2533 1085 dum
2579 1022 2796 1085 liceret

405 1109 661 1187 intact0,
689 1106 887 1186 abire,
936 1115 998 1170 et
1042 1106 1178 1190 ipse
1216 1106 1490 1171 hostium
1537 1107 1896 1187 adventum,
1946 1108 2146 1172 elatus
2187 1128 2500 1188 successu,
2547 1109 2794 1187 mansit,

353 1217 379 1255 4
408 1201 489 1274 et,
539 1193 646 1275 qui
705 1193 1094 1277 phalangem
1155 1202 1564 1274 arcesserent,
1625 1215 1892 1278 propere
1960 1194 2159 1276 misit3
2232 1215 2393 1276 quae
2455 1203 2517 1258 et
2576 1195 2794 1274 serius,
2828 1216 2877 1253 ιο

409 1298 598 1363 quam
644 1300 743 1344 res
790 1279 1171 1364 postulabat,
1220 1287 1282 1344 et
1327 1281 1556 1364 raptim
1610 1288 1772 1361 aeta,
1819 1281 2069 1344 turbata
2115 1301 2299 1345 cursu
2360 1280 2664 1346 adversus
2711 1282 2800 1344 in-

408 1373 676 1431 structos
739 1373 801 1430 et
857 1373 1268 1450 praeparatos
1331 1375 1465 1431 erat
1526 1366 1891 1431 adventura.
1957 1369 2174 1432 consul
2235 1368 2642 1432 anteveniens
2697 1389 2800 1431 ex-

322 1480 380 1518 ,5
408 1454 643 1537 templo
702 1452 1012 1537 proelium
1072 1453 1402 1518 conseruit.
1466 1454 1668 1538 primo
1728 1454 2020 1518 resistere
2082 1452 2496 1535 Macedones3
2548 1453 2796 1533 deinde,

407 1548 476 1604 ut
505 1540 679 1603 nulla
708 1560 775 1604 re
806 1559 992 1624 pares
1026 1546 1221 1620 erant,
1255 1540 1502 1605 amissis
1535 1541 1830 1605 trecentis
1868 1540 2209 1624 peditibus,
2241 1540 2468 1622 viginti
2506 1549 2801 1622 quattuor

408 1626 783 1710 primoribus
852 1626 1132 1706 equitum
1201 1648 1281 1690 ex
1348 1628 1469 1707 ala,
1534 1648 1724 1709 quam
1799 1647 2043 1691 sacram
2102 1636 2352 1707 vocant,
2414 1628 2575 1692 inter
2641 1648 2799 1708 quos
2830 1647 2879 1683 15

355 1743 381 1782 6
409 1712 822 1777 Antimachus
864 1712 1054 1777 etiam
1084 1713 1440 1796 praefectus
1481 1715 1621 1778 alae
1662 1713 1907 1794 cecidit,
1940 1714 2114 1778 abire
2154 1722 2473 1777 conantur.
2526 1721 2802 1777 ceterum

409 1800 529 1864 iter
586 1819 783 1884 prope
843 1800 981 1883 ipso
1040 1800 1281 1884 proelio
1342 1801 1783 1865 tumultuosius
1831 1801 1965 1864 fuit.
2029 1800 2328 1885 phalanx,
2376 1801 2489 1864 abs
2558 1800 2803 1884 trepido

411 1886 630 1950 nuntio
683 1886 906 1966 accita,
954 1906 1096 1950 cum
1156 1886 1381 1970 raptim
1452 1887 1801 1965 duceretur,
1864 1887 2063 1970 primo
2123 1888 2187 1950 in
2246 1886 2557 1969 angustiis
2612 1888 2804 1971 capti-

360 2003 385 2042 τ
413 1993 635 2038 vorum
666 1973 905 2053 agmini
945 1974 1158 2037 oblata
1194 1972 1628 2054 vehiculisque
1677 1974 1987 2037 frumento
2029 1973 2267 2037 onustis
2306 1934 2529 2037 heaesit.
2578 1974 2803 2055 ingens

408 2060 498 2124 ibi
543 2060 796 2124 vexatio
842 2059 1038 2145 partis
1092 2060 1416 2143 utriusque
1479 2061 1616 2140 fuit,
1677 2061 1848 2123 nullo
1910 2068 2303 2145 expectante,
2350 2070 2423 2123 ut
2466 2068 2803 2161 utcumque
2833 2080 2882 2116 20

411 2146 832 2231 explicaretur
899 2168 1149 2228 agmen,
1218 2147 1332 2211 sed
1403 2113 1660 2212 armatis
1730 2147 2144 2212 deicientibus
2191 2170 2308 2233 per
2352 2168 2656 2232 praeceps
2720 2148 2806 2210 in-

409 2234 773 2318 pedimenta
798 2270 880 2279 —
912 2254 1116 2315 neque
1164 2234 1331 2297 enim
1377 2235 1560 2299 aliter
1604 2234 1711 2298 via
1756 2235 1984 2318 aperiri
2032 2243 2280 2318 poterat
2326 2271 2444 2313 —,
2492 2234 2803 2313 iumentis,

355 2353 382 2391 8
409 2342 550 2384 eum
597 2320 1078 2398 stimularentur,
1118 2320 1183 2382 in
1213 2321 1395 2385 turba
1426 2321 1872 2386 saevientibus.
1919 2321 2028 2385 vix
2063 2322 2143 2385 ab
2181 2320 2498 2385 incondito
2535 2321 2789 2401 agmine

410 2407 800 2490 captivorum
873 2406 1284 2490 expedierant
1359 2427 1518 2488 sese,
1588 2427 1731 2472 cum
1810 2407 1988 2490 regio
2056 2406 2294 2490 agmini
2361 2406 2790 2491 perculsisque

634 2612 678 2660 1.
728 2607 1130 2674 praecedentis
1176 2606 1184 2672 Ι
1228 2612 1276 2662 2.
1335 2608 1474 2677 fort.
1549 2610 1884 2675 Attalusque
1945 2607 2182 2676 Madviq.
2247 2605 2254 2672 Ι
2319 2608 2670 2674 Mysagenes.
2727 2604 2735 2669 Ι
2782 2610 2811 2658 3

411 2693 794 2761 cuminspectfi
813 2693 829 2761 ΙΙ
847 2694 1059 2762 prima*
1104 2692 1113 2761 Ι
1156 2699 1205 2748 4.
1245 2695 1454 2761 abultu,
1508 2696 1575 2748 ab
1612 2696 1814 2748 ultima
1850 2698 1927 2747 ed.
1977 2697 2104 2747 Bas.
2147 2693 2311 2747 1531.
2363 2691 2371 2758 Ι
2423 2695 2471 2745 6.
2511 2692 2810 2760 eapitisali-

411 2783 610 2849 quod.*
637 2782 644 2849 Ι
670 2785 718 2835 7.
748 2786 948 2835 terere.
972 2778 980 2849 Ι
1004 2782 1744 2848 8.utcumquesecumsciret.
1769 2779 1776 2849 Ι
1801 2784 1848 2834 9.
1869 2782 2130 2834 aduentu.
2152 2778 2157 2846 Ι
2180 2784 2259 2833 10.
2277 2780 2568 2847 phalange.
2595 2777 2601 2844 Ι
2627 2787 2811 2856 quaet,

413 2887 554 2936 quae
610 2876 666 2924 et
704 2869 923 2938 Madvig]
978 2870 1096 2921 Em.
1134 2870 1197 2921 L.
1230 2887 1286 2937 p.
1326 2866 1460 2921 662.
1494 2867 1501 2934 Ι
1540 2872 1618 2920 11.
1675 2867 2522 2936 raptimaptaturturbaticursus
2585 2863 2812 2932 (raptim

415 2963 556 3021 acta,
597 2947 804 3009 turbati
843 2972 1008 3008 cursu
1044 2957 1121 3007 ed.
1160 2956 1288 3007 Bas,
1328 2953 1520 3021 1531),
1559 2954 1761 3022 raptim
1800 2959 1939 3020 acta,
1965 2955 2190 3006 turbata
2216 2970 2382 3006 cursu
2408 2950 2627 3019 Madviq
2663 2954 2696 3003 l.
2736 2955 2769 3003 I.
2800 2961 2809 3032 Ι
2857 2941 2858 2944 “

405 3052 525 3112 post
566 3043 868 3096 instructos
916 3043 1252 3094 litt.alicuz‘us
1271 3043 1477 3094 initium
1515 3041 1534 3105 (
1567 3038 1575 3107 Ι
1608 3039 1626 3107 )
1664 3043 1759 3093 del.
1794 3040 1802 3106 Ι
1837 3043 1917 3092 12.
1968 3040 2437 3092 erantaduentura
2486 3035 2667 3104 (erant
2714 3037 2810 3089 ad-

412 3130 634 3184 venturi
677 3133 752 3182 ed.
797 3131 926 3182 Bas,
973 3127 1161 3193 1531),
1223 3134 1343 3181 erat
1380 3129 1688 3181 adventura
1726 3128 1944 3194 Madvig]
1970 3129 2055 3178 m.
2102 3124 2109 3191 Ι
2155 3123 2755 3189 antueniensexemplo.
2798 3118 2807 3188 Ι

418 3223 497 3270 15.
535 3216 1491 3285 primoribuspeditumexaliaquam.
1528 3212 1536 3278 Ι
1572 3217 1650 3266 16.
1689 3215 1856 3267 aleae.
1888 3211 2013 3281 Ι-17.
2053 3212 2302 3280 phalans.
2336 3211 2344 3277 Ι
2392 3214 2472 3264 19.
2511 3209 2811 3262 uehiculis-

416 3322 570 3371 quae.
606 3301 613 3368 Ι
647 3302 1258 3368 onustiiscaesisingens
1297 3299 1560 3366 (onustis3
1601 3301 1666 3354 iis
1705 3301 1877 3353 caesis
1915 3300 2110 3367 ingens
2159 3303 2234 3351 ed.
2280 3300 2408 3351 Bas,
2449 3296 2637 3362 1531),
2675 3314 2810 3349 corr.

413 3391 721 3457 Heusinyer.
756 3389 763 3454 Ι
797 3392 878 3442 20.
917 3388 995 3441 ibi
1033 3406 1095 3440 esc
1130 3388 1187 3441 bi
1223 3405 1355 3440 corr.
1389 3385 1397 3452 Ι
1430 3392 2059 3453 expectanteutrumque
2108 3384 2460 3453 (expectante
2507 3389 2811 3450 utcumque

416 3481 491 3530 ed.
530 3479 658 3529 Bas.
692 3474 867 3540 1531)
910 3481 1254 3542 expectante,
1293 3475 1421 3536 <ut>
1447 3479 1751 3541 utcumque
1777 3474 2043 3540 Kreyssiy,
2084 3477 2434 3540 expectante,
2476 3471 2680 3533 <dum>
2723 3475 2814 3522 ut-

417 3581 651 3630 cumque
690 3564 733 3614 I.
773 3564 833 3614 F.
875 3562 1183 3614 Gronovius.
1215 3559 1224 3627 Ι
1257 3563 1340 3613 21.
1380 3560 1727 3613 deitinentib.
1755 3576 2021 3626 praeceps
2047 3556 2494 3625 (detrudentibus
2513 3575 2615 3625 per
2652 3571 2814 3623 prae·-

417 3651 548 3718 ceps
603 3653 677 3701 ed.
716 3651 843 3701 Βαε.
884 3647 1071 3712 1531),
1130 3647 1493 3700 deicientibus
1549 3665 1650 3714 per
1703 3664 1970 3714 praeceps
2026 3648 2277 3713 Kreyssiy
2335 3645 2432 3714 (cf.
2486 3645 2711 3696 IVw'tsck
2751 3647 2815 3696 de

414 3756 600 3806 praep.
638 3754 740 3804 per
775 3755 869 3787 usu
907 3736 1020 3788 Liv.
1053 3754 1109 3803 p.
1148 3734 1278 3799 22),
1300 3735 1440 3802 fort.
1482 3734 1847 3787 deicientibus
1885 3734 1936 3784 in
1979 3750 2244 3800 praeceps
2285 3732 2350 3783 G.
2393 3732 2647 3783 Heraeus
2682 3728 2689 3795 Ι
2725 3734 2812 3782 22.

416 3824 894 3892 aliterauiaperiri.
963 3822 970 3885 Ι
1041 3820 2198 3886 iumentisnequeenimeumstiniularentur.
2267 3815 2275 3883 Ι
2343 3821 2425 3869 24.
2466 3817 2815 3896 cumaregio-

417 3928 650 3978 agmlne.
