3005 4257
381 166 465 228 40
940 181 1168 235 LIBER
1206 182 1407 237 XLIV.
1448 182 1612 235 eAP.
1651 182 1737 235 27.
1780 183 1853 250 [a.
1893 181 1960 237 U.
1999 199 2044 236 ο.
2085 181 2210 250 586]

380 360 626 423 nudare
700 360 1070 443 populando
1143 361 1366 444 potuit,
1443 382 1524 425 ne
1598 380 1756 443 quos
1830 362 1982 425 inde
2043 360 2317 425 Romani
2390 367 2792 425 commeatus

318 471 344 514 5
383 457 816 532 expectarent,
890 450 1005 513 sed
1079 451 1258 533 ipsas
1334 451 1677 516 excindere
1750 452 1940 515 urbes
2023 456 2281 514 tenente
2354 451 2438 515 ad
2514 450 2791 534 Elpeum

319 559 344 600 6
379 538 616 603 Perseo
663 540 1004 620 Romanos,
1052 560 1133 603 ne
1179 540 1446 604 urbibus
1496 540 1686 604 sociis
1742 539 2043 622 opitulari
2090 546 2368 622 possent.
2429 539 2590 621 ipsis
2639 560 2790 621 quo-

380 646 504 708 que
551 629 858 693 Romanis
915 629 996 693 de
1053 649 1121 693 se
1179 629 1592 712 cogitandum
1650 628 1894 709 suisset,
1951 629 2206 710 quando
2263 648 2469 709 neque
2529 649 2790 693 manere

379 717 621 782 amissa
686 717 1046 798 Thessalia,
1120 718 1289 782 unde
1356 718 1676 784 exercitus
1741 718 2052 793 alebatur,
2127 718 2504 801 potuissent,
2578 737 2789 799 neque
2855 740 2880 781 5

318 825 344 868 7
380 806 701 889 progredi,
747 828 889 872 cum
938 827 1020 871 ex
1068 808 1344 873 adverso
1392 816 1607 872 castra
1654 808 2072 873 Macedonum
2122 811 2336 872 essent.
2390 807 2502 871 hoe
2556 809 2789 871 amisso

379 896 621 960 auxilio
687 895 957 961 Perseus
1021 900 1267 961 animos
1328 897 1775 978 Macedonum,
1825 897 1934 978 qui
2002 917 2080 960 ea
2142 897 2586 980 pependerant
2651 916 2789 979 spe,

378 983 552 1049 haud
615 986 1021 1050 mediocriter
1088 985 1470 1050 debilitavit.
1548 988 1779 1051 eadem
1845 985 2124 1050 avaritia
2190 984 2488 1052 Gentium
2566 1005 2786 1067 regem

315 1092 342 1135 s
379 1074 503 1138 sibi
551 1074 878 1139 alienaffit.
927 1095 1075 1138 nam
1125 1096 1265 1139 cum
1312 1082 1598 1140 trecenta
1645 1076 1889 1140 talenta
1936 1076 2155 1138 Pellae
2205 1075 2418 1139 missis
2466 1095 2505 1137 a
2552 1074 2789 1140 Gentio

316 1179 342 1222 9
380 1173 801 1245 numerasset,
841 1164 1103 1246 signare
1142 1183 1252 1228 eos
1288 1165 1629 1248 pecuniam
1669 1185 1900 1247 passus
1940 1169 2051 1247 est3
2090 1164 2241 1228 inde
2280 1164 2500 1228 decem
2539 1163 2789 1227 talenta
2829 1183 2879 1225 10

381 1252 465 1315 ad
513 1251 957 1317 Pantauchum
1016 1254 1242 1334 missa,
1287 1274 1492 1334 eaque
1550 1254 1919 1336 praesentia
1976 1253 2118 1317 dari
2174 1254 2315 1335 regi
2371 1252 2585 1336 iussit3
2640 1254 2787 1316 reli-

380 1361 570 1421 quam
637 1343 996 1424 pecuniam,
1075 1341 1395 1425 signatam
1462 1342 1829 1426 Illyriorum
1895 1343 2098 1425 signo,
2171 1341 2578 1426 portantibus
2649 1343 2787 1407 suis

288 1446 340 1489 10
376 1431 714 1513 praecipit,
764 1432 982 1513 parvis
1028 1431 1366 1496 itineribus
1415 1432 1739 1513 veherent,
1797 1433 1950 1496 dein
2008 1452 2149 1496 cum
2206 1432 2293 1496 ad
2339 1431 2532 1495 finem
2579 1431 2788 1496 Mace·

377 1519 614 1582 deniae
661 1527 923 1584 ventum
970 1528 1163 1600 esset,
1224 1521 1648 1586 subsisterent
1703 1522 1795 1586 ibi
1853 1543 1926 1586 ac
1977 1520 2233 1586 nuntios
2284 1521 2366 1584 ab
2414 1541 2482 1585 se
2534 1522 2787 1603 opperi-

288 1624 339 1665 11
378 1616 610 1673 rentur.
660 1610 928 1675 Gentius
985 1610 1222 1692 exigua
1278 1619 1463 1693 parte
1520 1611 1835 1693 pecuniae
1892 1618 2175 1693 accepta,
2231 1632 2372 1675 cum
2424 1609 2695 1674 adsidue
2745 1633 2785 1673 a
2829 1631 2878 1673 15

375 1698 749 1763 Pantaucho
808 1700 893 1763 ad
958 1700 1372 1765 lacessendos
1425 1700 1646 1765 hostili
1712 1699 1882 1764 facto
1945 1702 2267 1765 Romanos
2334 1699 2791 1779 stimularetur,

375 1787 455 1852 M.
502 1788 906 1872 Perpennam
965 1797 1028 1853 et
1074 1791 1144 1853 L.
1195 1789 1492 1854 Petilium
1549 1792 1817 1872 legatos,
1886 1790 1996 1868 qui
2062 1796 2195 1853 tum
2260 1787 2425 1853 forte
2491 1789 2575 1853 ad
2642 1808 2789 1853 eum

286 1890 338 1933 12
376 1886 702 1959 venerant,
750 1878 817 1941 in
867 1878 1224 1943 custodiam
1274 1878 1564 1944 coniecit.
1625 1880 1743 1943 hoc
1792 1879 2013 1943 audito
2060 1880 2333 1942 Perseus
2382 1879 2784 1943 contraxisse

381 1987 526 2031 eum
572 1964 1025 2032 necessitatem
1070 1976 1248 2031 ratus
1295 1968 1382 2031 ad
1427 1967 1798 2032 bellandum
1857 1967 2075 2048 utique
2123 1988 2264 2032 cum
2313 1968 2642 2048 RomaniS,
2704 1968 2791 2031 ad

379 2057 827 2136 revocandum,
901 2057 1010 2140 qui
1071 2057 1408 2141 pecuniam
1484 2059 1801 2141 portabat,
1876 2057 2066 2139 misit,
2139 2058 2316 2121 velut
2381 2056 2544 2120 nihil
2609 2056 2791 2120 aliud
2829 2076 2880 2118 ρο

383 2395 453 2461 ef.
491 2395 726 2449 Harant
758 2414 810 2463 p.
853 2400 975 2450 274
1013 2404 1064 2450 et
1099 2396 1177 2449 H.
1207 2397 1255 2450 Ι.
1288 2397 1498 2451 Μᾱῐῐω·
1534 2397 1597 2449 in
1637 2397 1770 2450 adn.
1817 2396 2112 2450 Weissenb.
2141 2412 2204 2463 p.
2243 2399 2378 2448 120.
2408 2398 2415 2460 Ι
2447 2393 2789 2457 tessaliam.!

384 2485 432 2537 1.
471 2485 813 2551 populanda.
875 2487 881 2553 Ι
939 2487 988 2537 2.
1026 2489 1297 2541 tenentes
1369 2488 1376 2552 Ι
1437 2486 1771 2553 adnelpeum
1814 2486 1906 2553 (ad
1944 2485 2217 2551 Enipeum
2257 2484 2337 2537 ed.
2376 2485 2512 2536 Bas,
2550 2485 2736 2546 1531.)
2784 2487 2792 2552 Ι

381 2574 429 2625 4.
471 2571 662 2641 fuisse,
690 2573 831 2640 fort.
870 2572 975 2627 fuit
1023 2574 1344 2642 Wesenbery
1393 2578 1400 2641 1
1453 2578 1501 2629 5.
1542 2575 1791 2629 tessalia.
1836 2577 1842 2642 Ι
1885 2575 1934 2627 6.
1974 2575 2337 2629 exeaduersO.
2374 2576 2380 2640 Ι
2425 2574 2483 2625 in
2522 2572 2796 2640 eaeplenda

384 2663 610 2729 laeana,
656 2679 820 2729 qnam
867 2663 946 2716 ed.
996 2664 1132 2717 Bas.
1182 2667 1324 2717 1531
1369 2666 1485 2718 iam
1529 2663 1756 2718 stellula
1794 2664 2053 2731 adposita
2089 2668 2397 2729 notaverat,
2437 2662 2796 2730 Madviyinm

381 2757 596 2805 secutus
640 2768 789 2817 snm;
836 2753 955 2806 alia
1002 2770 1048 2806 v.
1101 2770 1189 2821 ap.
1235 2754 1655 2807 Drakenborch.
1704 2754 1795 2806 acl.
1844 2753 1895 2806 h.
1948 2754 1982 2806 l.
2023 2785 2091 2792 —-
2130 2751 2417 2806 omittendi
2462 2766 2637 2805 cansa
2674 2751 2800 2804 sine

383 2840 549 2893 dubio
597 2848 716 2895 erat
760 2858 957 2895 nomen
1002 2842 1372 2896 Macedonum
1420 2843 1502 2895 bis
1538 2843 1801 2910 positum.
1843 2845 1849 2910 Ι
1897 2842 1986 2910 Cf.
2036 2843 2100 2896 de
2147 2843 2199 2895 h.
2249 2843 2284 2895 l.
2330 2840 2481 2893 univ.
2519 2840 2590 2892 B.
2630 2838 2799 2893 Niese

387 2929 575 2983 Gesch.
625 2931 677 2984 d.
723 2932 920 2999 yrieeh.
967 2950 1024 2985 u.
1069 2933 1281 2985 maked.
1329 2931 1567 2985 Staaten
1611 2933 1713 2986 seit
1760 2932 1854 2985 der
1891 2932 2151 2985 Schlaeht
2197 2931 2281 2984 bei
2323 2931 2649 2984 Chaeronea
2685 2927 2804 2981 III

370 3036 432 3087 p.
473 3022 585 3072 153
621 3037 697 3087 sq.
732 3021 739 3088 Ι
774 3023 823 3074 9.
861 3022 1398 3089 pellemissagentio,
1435 3038 1573 3075 corr.
1614 3022 1695 3074 ecl.
1721 3022 1860 3074 Bae.
1888 3022 2043 3073 1535
2082 3020 2171 3088 (ef.
2216 3020 2510 3073 Gitlbaner
2535 3035 2596 3086 p.
2640 3020 2755 3084 46).
2784 3024 2792 3088 Ι

385 3108 467 3160 10.
508 3114 594 3163 est
635 3110 764 3163 add.
804 3112 884 3163 ed.
916 3112 1050 3164 Bas.
1090 3112 1255 3164 1535.
1291 3112 1298 3179 Ι
1335 3112 1418 3164 11.
1458 3115 1813 3178 pentaucum.
1850 3112 1857 3178 Ι
1893 3111 1975 3163 12.
2015 3107 2479 3178 portantibusuis.
2518 3109 2525 3175 Ι
2570 3107 2650 3159 14.
2692 3106 2796 3175 esn-

383 3201 520 3251 sent.
558 3197 564 3264 Ι
602 3198 682 3249 15.
722 3199 962 3265 genitus.
997 3199 1005 3267 Ι
1040 3200 1598 3267 adsiduepantauciO,
1639 3215 1775 3253 corr.
1815 3199 2091 3268 SiyoniuS.
2135 3198 2143 3264 Ι
2191 3199 2271 3251 16.
2310 3195 2796 3251 romanostimula-

381 3290 549 3340 retur.
586 3289 592 3354 Ι
637 3287 718 3339 17.
758 3286 1095 3355 Perpernam
1132 3288 1406 3356 Siyonins.
1460 3291 1467 3357 Ι
1519 3288 1792 3356 petilium,
1833 3303 1970 3341 corr.
2011 3288 2286 3356 Siyonius.
2339 3288 2347 3355 Ι
2400 3287 2482 3339 18.
2520 3283 2790 3348 ueniret}

383 3376 638 3431 confecit.
700 3377 707 3443 Ι
767 3378 1779 3445 contraxisseumenecessitatisratus,
1828 3377 2178 3431 contraxisse
2223 3393 2349 3430 eum
2395 3373 2795 3429 necessitatem

380 3471 537 3520 ratus
574 3467 839 3535 Doeriny,
888 3467 1103 3520 Vahlen
1141 3469 1337 3534 ephem.
1374 3467 1567 3520 Austr.
1606 3471 1752 3521 1861
1776 3483 1835 3535 p.
1878 3470 2017 3535 264,
2057 3466 2403 3520 contraxisse
2440 3481 2565 3519 eum
2604 3478 2795 3518 neees-

382 3556 567 3610 sitatis
602 3557 822 3623 <satis>
856 3560 1012 3610 ratus
1048 3557 1284 3625 Madvig
1319 3558 1443 3610 Em.
1482 3557 1550 3609 L.
1580 3573 1642 3624 p.
1688 3560 1803 3610 699
1850 3556 2218 3623 (contraxisse
2255 3572 2380 3609 eum
2417 3552 2795 3608 necessitates

381 3650 538 3699 ratus
577 3646 657 3699 ed.
696 3646 832 3699 Bas,
862 3648 1045 3714 1531).
1088 3647 1094 3712 Ι
1146 3648 1226 3699 19.
1267 3646 1341 3700 ad
1379 3646 1600 3713 bellum,
1642 3646 1715 3700 ad
1753 3646 2076 3701 bellandum
2116 3644 2328 3698 Vahlen
2370 3644 2404 3698 l.
2447 3644 2497 3710 l.‚
2528 3658 2594 3696 ae
2623 3642 2796 3696 bella-

382 3741 568 3789 turum
606 3735 841 3803 Madviq
880 3736 913 3788 l.
956 3737 988 3788 l.
1069 3738 1075 3803 Ι
1155 3737 1226 3789 ad
1263 3736 1611 3791 revocandos
1652 3736 1791 3789 coni.
1828 3734 2239 3788 Drakenborch.
2304 3735 2311 3801 Ι
2362 3733 2448 3785 20.
2487 3731 2794 3799 portabant

384 3825 526 3878 coni.
565 3825 686 3877 Iac.
732 3824 1059 3892 Gronovius,
1098 3824 1511 3878 Drakenborch.
1548 3827 1555 3892 Ι
2562 3811 2570 3820 ’
