3005 4257
131 1220 184 1262 10

131 1665 184 1709 15

133 2109 186 2149 20

792 234 1017 286 LIBER
1055 234 1256 287 XLIV.
1296 232 1460 286 CAP.
1499 234 1586 285 34.
1628 235 1703 301 [a.
1742 233 1808 287 U.
1848 249 1895 286 c.
1935 234 2060 302 586]
2541 217 2621 278 51

221 413 463 476 iactare
524 413 798 478 consilia
855 433 990 477 sua.
1056 412 1326 476 militem
1393 411 1557 475 haec
1614 412 1741 476 tria
1796 431 2019 476 curare
2078 411 2328 489 debere,
2396 430 2626 492 corpus

218 510 286 565 ut
353 522 545 582 quam
611 502 1083 567 validissimum
1148 508 1212 565 et
1277 501 1791 583 pernicissimum
1866 501 2122 581 habeat,
2200 522 2379 564 arma
2454 507 2627 583 apta,

220 591 430 655 cibum
470 599 766 674 paratum
806 592 893 656 ad
931 592 1147 656 subita
1185 589 1482 672 imperia;
1534 598 1749 654 cetera
1788 590 1951 655 scire
1992 590 2072 653 de
2122 610 2189 654 se
2231 589 2332 653 dis
2371 590 2624 654 immor-

220 681 458 745 talibus
515 689 577 745 et
633 681 1006 763 imperatori
1067 701 1178 744 suo
1239 699 1432 743 curae
1489 698 1646 744 esse.
1712 680 1777 742 in
1844 699 1968 760 quo
2034 679 2322 743 exercitu
2390 678 2627 742 milites

222 770 600 849 consultent,
665 770 1014 852 imperator
1077 770 1438 834 rumoribus
1504 768 1681 850 volgi
1748 769 2239 851 circumagatur,
2306 768 2397 832 ibi
2465 767 2626 830 nihil

221 859 501 923 salutare
550 878 706 923 esse.
771 879 857 938 se,
906 858 1078 942 quod
1125 859 1208 923 sit
1264 857 1544 921 officium
1610 857 2034 940 imperatoris,
2090 857 2512 940 provisurum,
2560 863 2629 921 ut

220 948 382 1011 bene
447 948 772 1031 gerendae
835 948 928 1011 rei
997 948 1402 1012 occasionem
1467 947 1549 1011 iis
1613 946 1950 1029 praebeat:
2017 946 2161 1011 illos
2225 946 2406 1025 nihil,
2472 946 2626 1026 quid

220 1036 499 1101 futurum
567 1038 667 1117 sit,
733 1057 1059 1118 quaerere,
1121 1036 1232 1101 ubi
1297 1036 1520 1101 datum
1587 1038 1842 1118 signum
1908 1036 2008 1116 sit,
2083 1043 2216 1100 tum
2281 1035 2625 1098 militarem

223 1146 463 1190 navare
537 1147 788 1206 operam
861 1127 1087 1190 debere.
1162 1126 1245 1189 ab
1320 1125 1422 1189 his
1495 1125 1860 1207 praeceptis
1925 1126 2288 1189 contionem
2365 1124 2625 1201 dimisit,

222 1217 413 1296 volgo
471 1217 667 1279 etiam
715 1217 1036 1280 veteranis
1091 1214 1445 1279 fatentibus
1502 1234 1571 1278 se
1626 1214 1738 1278 illo
1796 1215 2069 1296 primum
2116 1214 2240 1294 die,
2296 1219 2625 1293 tamquam

222 1303 479 1385 tirones,
526 1305 681 1385 quid
718 1305 1039 1387 agendum
1088 1312 1256 1369 esset
1295 1305 1360 1368 in
1400 1324 1469 1368 re
1519 1303 1799 1382 militari,
1848 1303 2172 1368 didicisse.
2222 1322 2350 1366 non
2390 1322 2623 1366 sermo-

224 1393 409 1458 nibus
455 1401 704 1458 tantum
743 1394 865 1475 his,
910 1392 1060 1459 ‘cum
1101 1401 1340 1474 quanto
1388 1393 1668 1458 adsensu
1710 1394 2042 1458 audissent
2089 1395 2291 1458 verba
2330 1391 2625 1470 consulis,

223 1483 657 1565 ostenderunt,
723 1484 837 1548 sed
893 1504 1104 1548 rerum
1169 1503 1479 1565 praesens
1538 1483 1800 1546 effectus
1867 1490 2023 1546 erat.
2090 1483 2408 1546 neminem
2459 1480 2626 1548 ,totis

225 1593 370 1636 mox
427 1572 657 1638 castris
723 1573 1004 1653 quietum
1071 1572 1352 1636 videres:
1418 1591 1650 1635 acuere
1706 1571 1816 1633 alii
1884 1571 2156 1652 gladios,
2226 1571 2338 1635 alii
2403 1571 2626 1652 galeas

224 1662 674 1741 bucculasque,
736 1668 917 1725 scuta
973 1661 1085 1724 alii
1153 1661 1502 1739 loricasque
1566 1668 1838 1742 tergere,
1909 1660 2020 1723 alii
2086 1666 2311 1741 aptare
2378 1659 2624 1741 corpori

225 1771 405 1812 arma
462 1751 865 1832 experirique
922 1752 1038 1814 sub
1103 1749 1203 1814 his
1259 1749 1687 1812 membrorum
1745 1749 2125 1831 agilitatem,
2194 1754 2458 1830 quatere
2514 1748 2628 1812 alii

225 1838 378 1919 pila,
447 1839 556 1901 alii
625 1839 866 1903 micare
933 1838 1171 1919 gladiis
1236 1857 1731 1918 mucronemque
1787 1838 2044 1916 intueri,
2110 1845 2179 1902 ut
2232 1835 2425 1901 facile
2482 1837 2624 1918 quis

225 1935 533 1999 cerneret,
581 1928 690 1991 ubi
729 1928 1002 2009 primum
1041 1926 1422 1990 conserendi
1459 1948 1720 1991 manum
1770 1948 1912 1992 cum
1958 1928 2140 1991 hoste
2178 1927 2335 1990 data
2372 1926 2625 1991 occasio

226 2022 414 2095 esset,
452 2022 561 2079 aut
598 2015 872 2079 victoria
911 2016 1176 2096 egregia
1215 2022 1326 2080 aut
1365 2023 1566 2080 morte
1605 2016 2008 2080 memorabili
2045 2016 2335 2079 finituros
2371 2016 2626 2079 bellum.

226 2105 500 2169 Perseus
548 2124 818 2187 quoque,
879 2124 1020 2169 cum
1071 2105 1351 2169 adventu
1399 2106 1682 2170 consulis
1739 2104 1927 2170 simul
1984 2112 2045 2168 et
2091 2105 2264 2170 veris
2311 2104 2626 2188 principio

228 2203 511 2276 strepere
551 2194 764 2257 omnia
803 2194 1173 2274 moverique
1214 2195 1390 2275 apud
1427 2194 1646 2259 hostes
1687 2196 1862 2259 velut
1901 2215 2069 2259 novo
2119 2194 2287 2258 bello
2328 2205 2632 2274 cerneret,

228 2291 403 2347 mota
451 2305 490 2346 a
537 2283 728 2346 Phila
785 2292 998 2347 castra
1045 2283 1108 2345 in
1161 2283 1438 2346 adversa
1496 2283 1639 2366 ripa
1695 2284 1924 2365 posita,
1986 2304 2150 2347 nunc
2208 2283 2292 2346 ad
2351 2290 2632 2347 contem-

442 2620 487 2672 1.
536 2620 798 2676 iactares.
834 2625 841 2686 Ι
874 2623 925 2673 4.
965 2638 1242 2676 curaesse.
1285 2623 1291 2688 i
1335 2624 1384 2675 5.
1423 2622 1717 2689 consultet,
1758 2639 1894 2676 corr.
1932 2623 2198 2691 Kreyssiy
2234 2622 2551 2690 (consulant
2579 2624 2630 2677 I.

220 2708 562 2777 PerizoniuS,
602 2710 794 2763 consul
832 2714 887 2764 et
925 2710 1008 2763 ed.
1045 2710 1181 2763 Bae.
1219 2714 1401 2777 1531.)
1453 2713 1460 2779 Ι
1513 2711 1669 2779 uulgi
1707 2712 1760 2764 h.
1800 2712 1834 2763 l.
1874 2712 1989 2765 eod.
2049 2713 2057 2780 Ι
2127 2713 2176 2764 7.
2214 2712 2626 2779 ispraebeant.1

219 2798 587 2867 nihilquodid,
626 2799 765 2852 nihil
801 2799 937 2868 quid
975 2799 1056 2852 ed.
1093 2801 1234 2853 Bas.
1271 2803 1414 2852 1531
1451 2802 1545 2867 (ef.
1585 2801 1796 2853 Vahlen
1834 2801 2030 2868 ephem.
2062 2801 2254 2854 Austr.
2283 2804 2426 2853 1861
2449 2819 2503 2868 p.
2542 2806 2629 2868 10,

221 2887 423 2940 Novak
459 2888 622 2957 Lisvy
647 2889 736 2956 fil.
774 2891 984 2956 1885.),
1021 2889 1160 2942 nihil
1197 2889 1423 2957 quando
1463 2890 1521 2942 id
1559 2889 1736 2957 Koch,
1775 2889 1914 2942 nihil
1952 2907 2064 2958 quo
2103 2890 2194 2944 die
2232 2890 2468 2959 Madvig]
2503 2889 2629 2943 Em.

222 2976 290 3028 L.
321 2994 382 3043 p.
430 2982 561 3045 703,
600 2978 737 3031 nihil
773 2995 885 3047 quo
924 2978 1016 3032 die
1053 2978 1112 3030 id
1141 2978 1376 3032 Harant
1401 2996 1462 3045 p.
1495 2982 1633 3041 276,
1661 2979 1747 3032 M.
1777 2979 2003 3031 Maller.
2039 2979 2046 3045 Ι
2080 2980 2131 3032 9.
2171 2996 2397 3046 operam
2424 2979 2631 3034 debere

223 3066 276 3119 h.
317 3068 350 3119 l.
393 3066 522 3120 add.
561 3067 810 3135 Madviy.
862 3069 870 3135 Ι
924 3067 1008 3120 12.
1046 3068 1320 3121 consules,
1371 3067 1378 3133 Ι
1433 3067 1515 3119 13.
1555 3082 1777 3135 161111111.
1831 3069 1838 3135 Ι
1894 3068 1974 3120 14.
2013 3068 2223 3122 uidere.
2267 3069 2274 3134 1
2310 3069 2393 3121 15.
2431 3068 2631 3121 bucco-

221 3154 988 3226 lasquescutorullaliiloricas,
1028 3156 1419 3224 bucculasque,
1460 3161 1621 3210 scuta
1650 3156 1744 3210 alii
1774 3156 2165 3226 loricas<que>
2200 3158 2280 3210 ed.
2310 3158 2444 3210 Bae.
2476 3160 2632 3210 1535

224 3247 317 3312 (ef.
363 3244 658 3298 Gitlbauer
684 3263 746 3312 p.
790 3248 953 3314 47)*‚
1011 3246 1390 3314 bucculasque
1449 3246 1798 3314 [scutorum],
1848 3245 1943 3299 alii
1988 3246 2190 3300 loricas
2248 3247 2462 3300 Vahlen
2511 3247 2542 3299 l.
2592 3248 2627 3299 l.

216 3350 276 3398 p.
325 3337 413 3401 10,
461 3334 853 3403 bucculasque,
904 3340 1185 3389 scutorum
1229 3339 1284 3402 <.
1309 3376 1319 3387 .
1343 3376 1354 3388 .
1379 3335 1526 3403 alii>,
1578 3335 1674 3389 alii
1719 3335 1922 3388 loricas
1970 3337 2053 3402 (at
2098 3336 2359 3388 excidisse
2403 3342 2632 3402 putetur

225 3437 424 3473 nomen
449 3425 636 3489 partis
662 3426 822 3490 scum)
854 3421 1253 3491 Weissenborn,
1282 3424 1675 3492 bucculasque,
1706 3427 1867 3477 scuta
1895 3423 2007 3489 alii,
2042 3423 2221 3491 <alii>
2252 3423 2455 3478 loricas
2484 3441 2629 3491 susp.

227 3509 638 3565 Drakenborch.
673 3515 680 3581 Ι
717 3514 799 3565 17.
830 3512 1034 3567 intueri
1074 3513 1163 3584 (ef.
1204 3513 1403 3566 Walch
1440 3515 1566 3566 Em.
1592 3513 1662 3566 L.
1684 3530 1741 3579 p.
1773 3515 1921 3580 182),
1961 3516 2179 3567 tentare
2219 3513 2359 3566 coni.
2386 3512 2625 3582 Duker.l

226 3598 691 3667 quicerneretubi,
731 3602 856 3670 quis
895 3605 1162 3669 cerneret,
1203 3602 1299 3655 ubi
1330 3602 1410 3654 ed.
1440 3603 1581 3656 Bas,
1610 3605 1767 3670 1531,
1806 3602 1902 3669 qui
1940 3605 2207 3667 cerneret,
2244 3601 2502 3669 <sciret>,
2533 3601 2630 3655 ubi

228 3686 464 3757 Madviy
498 3689 621 3743 Em.
660 3690 727 3742 L.
756 3708 818 3757 p.
866 3695 996 3744 703.
1031 3693 1039 3756 Ι
1076 3691 1157 3742 19.
1196 3690 1726 3763 uicsstioriaegregio.
1761 3691 1769 3758 Ι
1802 3688 2452 3762 memorassbilisinituros,
2492 3706 2628 3743 corr.

228 3777 488 3830 Muretus
532 3779 898 3844 (memorabili
943 3780 1181 3833 inituros
1229 3781 1308 3833 ed.
1355 3781 1489 3833 Bas.
1530 3783 1717 3848 1531).
1767 3782 1777 3849 Ι
1828 3781 1913 3833 21.
1963 3785 2116 3848 aput.
2152 3778 2276 3847 122.
2317 3779 2432 3846 pila
2469 3779 2629 3846 (fort.

227 3867 575 3920 scribendum
615 3885 648 3921 a
683 3867 846 3923 Phila
884 3875 1071 3924 castra
1105 3873 1240 3938 <et>
1275 3870 1329 3922 in
1372 3871 1500 3925 adv.
1538 3871 1775 3938 Madvig]
1811 3871 1873 3923 in
1914 3871 2046 3924 adn.
2086 3869 2166 3923 ed.
2194 3887 2253 3938 p.
2294 3872 2433 3935 191).
2469 3873 2476 3939 Ι

2491 3978 2555 4030 4..

2668 2120 2723 2163 10
