3005 4257
709 222 713 235 ’
814 242 1041 295 LIBER
1080 242 1284 297 XLIV.
1323 242 1488 296 cAP.
1535 243 1617 296 13.
1659 242 1731 312 [a.
1771 243 1837 297 U.
1878 259 1924 296 ο.
1964 242 2090 310 585]
2561 228 2643 291 19

231 420 459 483 armati
509 419 596 483 ad.
633 428 848 503 portas
889 441 966 484 ac
1007 421 1277 502 moenia,
1328 441 1456 502 qua
1492 421 1777 504 suspecti
1817 421 2030 486 aditus
2078 428 2285 503 erant,
2336 439 2643 504 spemque

231 512 553 592 extemplo
618 510 1004 586 inciderunt,
1072 510 1219 593 capi
1284 512 1495 593 primo
1562 511 1807 593 impetu
1863 530 2076 594 posse.
2140 510 2390 575 obsidio
2450 509 2645 592 igitur
2708 535 2734 574 4

229 598 598 681 parabatur,
649 607 712 663 et
751 619 949 682 opera
988 599 1075 663 ad
1113 601 1662 682 oppugnationem
1699 600 1838 664 fieri
1887 608 2136 682 coepta.
2176 602 2450 664 Perseus
2498 619 2645 663 cum

233 688 521 753 audisset
571 688 759 752 simul
807 688 1192 752 Meliboeam
1243 710 1282 752 a
1330 689 1612 754 consulis
1674 690 1961 754 exercitu
2016 689 2397 772 oppugnari,
2455 689 2644 753 simul

167 789 193 829 5
232 778 508 841 classem
555 777 716 841 Iolci
755 784 945 856 stare,
993 783 1063 840 ut
1106 779 1258 842 inde
1298 780 1783 843 Demetriadem
1832 778 2311 861 adgrederetur,
2358 777 2645 860 Euphra-

232 885 454 930 norem
503 867 828 947 quendam
875 887 959 932 ex
1009 867 1279 931 ducibus
1337 888 1482 931 cum
1533 869 1804 932 delectis
1862 868 2112 933 duobus
2161 868 2424 931 milibus
2469 867 2647 930 Meli-

235 956 467 1019 boeam
516 956 727 1019 mittit.
777 955 984 1021 eidem
1034 956 1437 1039 imperatum,
1491 966 1577 1038 ut,
1640 958 1694 1022 si
1743 978 1781 1020 a
1826 955 2149 1022 Meliboea
2197 955 2649 1021 summovisset
2711 978 2737 1020 5

234 1045 578 1124 RomanOS,
627 1046 1111 1110 Demetriadem
1169 1046 1345 1128 prius
1404 1049 1655 1111 occulto
1701 1046 1926 1110 itinere
1976 1047 2264 1123 intraret,
2324 1066 2515 1127 quam
2564 1046 2646 1109 ab

236 1135 410 1197 Iolco
458 1134 543 1198 ad
583 1135 804 1199 urbem
853 1144 1063 1200 castra
1112 1144 1441 1201 moverent
1496 1136 1790 1200 Romani.
1848 1145 1911 1200 et
1965 1136 2048 1200 ab
2097 1135 2647 1218 oppugnatoribus
2710 1154 2735 1197 6

144 1233 198 1274 10
235 1223 612 1304 Meliboeae,
672 1244 816 1288 cum
874 1225 941 1288 in
991 1225 1428 1306 superioribus
1484 1226 1646 1289 locis
1703 1234 1966 1308 repente
2022 1226 2448 1308 apparuisset,
2504 1244 2647 1288 cum

236 1313 663 1394 trepidatione
731 1315 929 1378 multa
995 1314 1224 1378 relicta
1279 1334 1475 1396 opera
1543 1323 1690 1379 sunt
1752 1315 2040 1397 iynisque
2103 1314 2394 1379 iniectus,
2460 1314 2551 1378 ita
2609 1335 2648 1376 a

235 1402 552 1468 Meliboea
592 1403 965 1467 abscessum
1005 1412 1117 1468 est.
1166 1403 1551 1486 Euphranor
1600 1406 1810 1468 soluta
1857 1404 2047 1467 unius
2086 1404 2264 1468 urbis
2305 1403 2644 1467 obsidione
2711 1423 2735 1466 7

236 1491 718 1556 Demetriadem
783 1493 1106 1575 extemplo
1175 1495 1367 1557 ducit.
1438 1499 1626 1557 nocte
1703 1493 1960 1556 moenia
2023 1495 2222 1556 intrat
2285 1498 2647 1572 tantamque

219 1580 533 1662 fiduciam
570 1581 980 1646 incolentibus
1015 1582 1175 1662 feeit,
1221 1589 1293 1645 nt
1340 1604 1468 1646 non
1512 1585 1762 1646 moenia
1800 1583 2009 1663 mod0,
2058 1583 2174 1646 sed
2211 1603 2401 1664 agros
2449 1581 2647 1645 etiam

142 1680 198 1723 15
237 1670 636 1735 confiderent
692 1690 779 1734 se*
820 1691 859 1734 a
914 1671 1440 1754 populationibus
1509 1671 1674 1737 tueri
1728 1691 1949 1755 posse3
2016 1677 2081 1735 et
2147 1672 2515 1754 eruptiones
2578 1671 2646 1734 in

238 1779 439 1840 vagos
506 1761 921 1843 populatores
996 1780 1125 1824 non
1190 1760 1330 1825 sine
1396 1761 1769 1826 volneribus
1842 1760 2125 1826 hostium
2200 1760 2414 1824 factae
2479 1767 2646 1825 sunt.

240 1847 655 1913 circumvecti
723 1858 940 1912 tamen
1007 1850 1262 1915 moenia
1335 1856 1486 1913 sunt
1550 1857 1808 1933 praetor
1873 1858 1937 1914 et
2002 1870 2134 1930 reX,
2210 1850 2402 1915 situm
2468 1849 2647 1914 urbis
2710 1867 2737 1910 8

239 1938 772 2019 contemplanteS,
820 1938 873 2001 si
923 1958 1050 2019 qua
1096 1946 1280 2021 parte
1328 1946 1645 2022 temptare
1693 1948 1806 2004 aut
1854 1959 2045 2022 opere
2093 1944 2206 2003 aut
2252 1939 2318 2002 vi
2365 1945 2643 2021 possent.

237 2028 413 2090 fama
459 2025 582 2089 fuit
630 2046 744 2108 per
791 2027 1151 2109 Cydantem
1192 2028 1564 2093 Cretensem
1614 2036 1677 2092 et
1723 2028 2200 2110 Antimachum,
2259 2028 2368 2109 qui
2415 2029 2645 2092 Deme·
2705 2044 2732 2086 9

142 2122 198 2168 20
239 2115 434 2179 triadi
480 2122 802 2199 praeerat,
852 2123 1162 2182 tractatas
1218 2117 1390 2193 inter⁴
1439 2119 1773 2184 Eumenen
1831 2124 1894 2183 et
1939 2121 2179 2184 Persea
2236 2118 2646 2184 condiciones

239 2206 583 2271 amicitiae.
651 2207 732 2270 ab
800 2208 1215 2271 Demetriade
1292 2214 1462 2273 certe
1538 2210 1911 2274 abscessum
1987 2216 2103 2272 est.
2177 2209 2496 2272 Eumenes
2562 2207 2646 2271 ad
2686 2223 2738 2265 10

237 2297 564 2359 consulem
640 2295 939 2377 navigat:
1007 2297 1507 2380 gratulatusque,
1577 2299 1748 2379 quod
1822 2317 2130 2380 prospere
2204 2296 2650 2361 Macedoniam

235 2385 560 2465 intrasset,
618 2385 1004 2465 Pergamum
1071 2386 1138 2449 in
1196 2407 1464 2468 regnum
1525 2388 1675 2452 abit.
1734 2388 2012 2452 Marcius
2068 2387 2337 2468 Figulus
2393 2394 2650 2469 praetor
2687 2401 2737 2442 11

235 2481 420 2557 parte
469 2475 699 2538 classis
761 2476 827 2538 in
883 2474 1157 2538 hiberna
1205 2476 1542 2541 Sciathum
1600 2477 1800 2541 missa
1858 2498 2003 2541 cum
2050 2475 2315 2557 reliquis
2373 2476 2650 2541 navibus

455 2776 500 2828 1.
540 2792 723 2843 quam.
759 2776 766 2843 Ι
800 2778 849 2828 2.
888 2776 1413 2843 primoimoimpetu.
1455 2779 1463 2846 Ι
1507 2778 1786 2833 obsidion.
1829 2779 1837 2847 Ι
1879 2779 1928 2831 3.
1959 2776 2649 2847 operalloppugnationem‚

239 2879 376 2917 corr.
424 2863 639 2917 Vahlen
684 2864 880 2931 ephem.
928 2866 1120 2918 Austr.
1167 2870 1312 2918 1861
1355 2883 1409 2933 p.
1459 2870 1580 2919 263
1626 2869 1819 2935 (opera
1868 2867 2355 2935 oppugnationum
2395 2866 2474 2918 ed.
2512 2867 2649 2919 Bae.

235 2955 416 3020 1531).
461 2955 467 3020 Ι
508 2953 560 3005 4.
599 2953 942 3027 moeliboeass.
1003 2956 1011 3023 Ι
1073 2956 1123 3007 5.
1162 2956 1441 3009 locistare.
1495 2956 1504 3023 Ι
1555 2956 1705 3024 inde,
1745 2960 1807 3009 ut
1843 2956 1976 3009 inde
2015 2956 2095 3008 ecl.
2133 2956 2269 3007 Bas.
2306 2956 2464 3020 1531,
2503 2956 2651 3009 unde

234 3042 676 3118 Forehhammer.
719 3047 726 3108 Ι
769 3025 1169 3110 eupramorem.
1213 3046 1220 3113 Ι
1264 3045 1315 3099 6.
1352 3045 1629 3117 quendam.
1681 3047 1690 3114 Ι
1733 3041 2651 3115 exducibusexdelectiseduollbus·

235 3130 1050 3199 militibusobeammittitidem‚
1091 3149 1227 3186 corr.
1267 3133 1348 3186 ed.
1387 3134 1530 3188 Bas,
1566 3138 1726 3188 1531.
1779 3134 1787 3199 Ι
1839 3134 1885 3185 7.
1925 3132 2253 3208 moeliboea.
2307 3134 2314 3200 Ι
2366 3135 2416 3186 9.
2454 3132 2647 3201 iolgo.l

237 3240 319 3291 10.
359 3236 948 3308 moessliboealocumin.
1000 3239 1008 3307 Ι
1061 3240 1145 3294 11.
1184 3239 1444 3307 ignisque
1485 3239 1617 3293 add.
1656 3240 1738 3293 ed.
1778 3240 1915 3297 Bas,
1952 3241 2109 3292 1531.
2158 3241 2165 3307 Ι
2207 3223 2647 3303 abmoeliboea.l

238 3329 321 3380 12.
353 3328 659 3395 euphanor.
695 3331 701 3396 Ι
738 3330 822 3381 13.
851 3328 1411 3382 noctemueniamodo
1442 3330 1566 3396 (nec
1601 3333 1661 3382 tu
1700 3328 1919 3382 moenia
1959 3329 2126 3381 modo
2166 3328 2246 3381 ed.
2285 3329 2425 3381 Bas,
2462 3330 2651 3394 1531)-

235 3414 1136 3488 sedeagllgrosetiamconfiderunt,
1194 3433 1331 3470 corr.
1389 3422 1439 3469 et
1493 3418 1775 3485 lacunam,
1832 3433 2004 3485 quam.
2051 3434 2117 3469 ex
2169 3422 2330 3484 parte
2387 3416 2651 3471 Weissen-

238 3507 466 3559 bornius
517 3512 825 3574 notaverat,
883 3506 1114 3573 eoeplevit
1158 3506 1587 3559 Forehhammer
1643 3523 1732 3573 ap.
1779 3506 2031 3575 Madviy.
2079 3506 2201 3558 Em.
2250 3506 2318 3558 L.
2356 3523 2417 3572 p.
2472 3508 2606 3558 685.
2641 3512 2647 3573 Ι

244 3596 328 3647 15.
368 3593 1113 3667 eteruditiollnibusinuagOS,
1144 3612 1282 3648 corr.
1313 3595 1396 3648 ed.
1423 3596 1563 3648 Bas,
1593 3599 1752 3673 1531.
1787 3596 1795 3663 Ι
1832 3596 1913 3648 16.
1954 3594 2233 3669 notisillne.
2268 3596 2275 3663 Ι
2312 3595 2394 3647 17.
2425 3595 2651 3648 circum-

243 3686 650 3757 uectisitamen.
695 3704 702 3770 Ι
741 3690 826 3772 p—r.
866 3705 1072 3756 etrexe.
1117 3704 1124 3770 Ι
1169 3703 1546 3757 situmurbeis.
1582 3705 1588 3771 Ι
1626 3704 1708 3756 18.
1737 3720 1921 3771 posse.
1975 3704 1982 3770 Ι
2036 3704 2119 3755 19.
2149 3699 2450 3773 cylltantem
2480 3719 2652 3769 supra

241 3791 496 3857 tseripto
526 3792 578 3845 d.
632 3792 639 3858 Ι
691 3791 1001 3846 demetridi.
1055 3792 1063 3860 Ι
1115 3792 1200 3844 20.
1241 3808 1456 3860 persae.
1501 3794 1509 3858 Ι
1562 3793 1646 3846 22.
1678 3792 2165 3861 gratulatusquod,
2205 3791 2652 3859 gratulatusque,

242 3881 397 3949 quod
435 3881 577 3933 coni.
603 3880 1003 3934 Drakenborch
1026 3881 1051 3909 *
1090 3881 1096 3948 Ι
1130 3882 1214 3934 24.
1257 3882 1511 3935 sciatum.

2516 3985 2582 4036 2*
