3005 4257
733 146 953 200 LIBER
991 146 1182 201 XLIII.
1222 147 1374 200 CAP.
1418 151 1497 200 13.
1538 150 1619 200 14.
1660 144 1729 213 [a.
1769 149 1832 202 U.
1871 165 1916 201 e.
1954 146 2078 215 585]
2522 150 2598 211 17

208 353 280 416 Τ.
333 352 608 416 Marcius
657 353 919 436 Figulus
966 353 1297 417 nuntiabat
1345 391 1443 433 —-,
1515 355 1798 434 alterum,
1869 353 2038 435 quod
2083 353 2146 417 in
2215 354 2356 419 loco
2423 376 2600 438 pere-

209 439 429 521 grino:
480 439 795 521 Fregellis
841 440 907 504 in
939 440 1126 504 domo
1174 441 1242 504 L.
1277 440 1454 505 Atrei
1486 440 1694 521 hasta,
1742 462 1928 522 quam
1960 439 2087 505 filio
2119 441 2301 504 militi
2343 449 2598 522 emerat,

207 526 485 591 interdiu
530 527 674 610 plus
723 526 883 591 duas
915 526 1104 591 horas
1137 527 1388 607 arsisse,
1437 527 1527 592 ita
1556 535 1624 592 ut
1656 526 1814 591 nihil
1849 527 1983 592 eius
2015 528 2372 592 ambureret
2409 528 2604 610 ignis,

213 613 560 679 dicebatur.
634 612 1031 697 publicorum
1061 614 1499 698 prodigiorum
1533 634 1728 678 causa
1758 614 1902 678 libri
1934 636 1973 678 a
2005 614 2379 679 decemviris
2411 615 2601 680 aditi:
2633 632 2656 671 ‘1

156 723 181 758 5
214 700 637 783 quadraginta
702 699 1050 764 maioribus
1097 701 1322 765 hostiis
1370 701 1600 782 quibus
1648 700 1768 765 diis
1825 702 2116 766 consules
2177 700 2605 767 sacrificarent

206 786 564 867 ediderunt,
613 794 676 852 et
721 787 812 851 uti
861 788 1242 871 supplicatio
1305 787 1500 867 fieret,
1567 787 1902 869 cunctique
1963 787 2372 870 magistratus
2434 790 2605 853 circa
2633 806 2658 843 8

204 874 419 938 omnia
486 874 848 957 pulvinaria
907 874 1201 938 victumis
1262 874 1608 939 maioribus
1676 874 2124 955 sacrificarent,
2201 876 2603 960 populusque

206 968 542 1025 coronatus
577 969 763 1026 esset.
815 961 1044 1042 omnia,
1080 960 1170 1025 uti
1206 961 1552 1026 decemviri
1575 962 1959 1046 praeierunt,
1993 961 2184 1026 facta.

415 1048 588 1112 XIV.
640 1047 1024 1112 Censoribus
1072 1046 1301 1112 deinde
1335 1047 1626 1112 creandis
1658 1048 1912 1113 comitia
1943 1047 2150 1113 edicta
2197 1056 2361 1113 sunt.
2407 1050 2601 1133 petie·
2630 1066 2652 1102 1

126 1156 176 1191 ιο
207 1141 351 1199 runt
400 1155 734 1200 censuram
779 1135 1100 1218 principes
1148 1134 1440 1215 civitatiS,
1478 1132 1547 1200 G.
1585 1134 1879 1200 Valerius
1910 1135 2247 1218 Laevinus,
2280 1136 2346 1199 L.
2381 1136 2603 1201 Postu-

205 1222 368 1286 mius
414 1221 701 1300 Albinus,
750 1222 818 1285 P.
850 1222 1095 1286 Mucius
1128 1221 1454 1302 Scaevola,
1505 1222 1587 1286 M.
1622 1221 1842 1286 Iunius
1893 1222 2143 1304 BrutuS,
2194 1223 2261 1288 O.
2298 1222 2600 1288 Claudius

206 1309 499 1390 Pulcher,
563 1309 657 1374 Ti.
709 1308 1121 1392 Sempronius
1184 1307 1531 1374 Gracchus.
1604 1309 1721 1374 hos
1784 1308 1942 1374 duos
2004 1330 2300 1375 censores
2362 1310 2600 1375 creavit
2629 1327 2652 1363 2

206 1396 479 1479 populus
510 1395 849 1460 Romanus.
907 1416 1052 1460 cum
1085 1394 1354 1461 dilectus
1387 1395 1669 1460 habendi
1698 1395 1898 1460 maior
1930 1418 2119 1478 quam
2152 1397 2310 1461 alias
2343 1405 2601 1482 propter

205 1482 691 1547 Macedonicum
736 1482 974 1548 bellum
1022 1503 1174 1547 cura
1218 1490 1403 1563 esset,
1453 1482 1750 1547 consules
1796 1484 2048 1567 plebem
2095 1483 2267 1569 apud
2312 1494 2600 1549 senatum

124 1590 174 1627 ιε
208 1570 613 1650 accusabant,
661 1569 829 1651 quod
879 1566 964 1656 [et
1034 1570 1309 1635 iuniores
1354 1590 1480 1634 non
1528 1569 2002 1654 responderent.
2073 1571 2382 1635 adversus
2443 1593 2599 1653 quos
2627 1586 2652 1623 ⁸

211 1656 278 1720 C.
329 1656 650 1740 Sulpicius
711 1664 774 1721 et
821 1657 902 1719 M.
1005 1655 1256 1721 laudius
1318 1664 1646 1741 praetores
1706 1656 1914 1741 plebis
1974 1677 2234 1722 causam
2297 1666 2595 1739 egerunt:

210 1763 336 1807 non
368 1743 753 1823 consulibus,
803 1742 917 1808 sed
948 1743 1298 1808 ambitiosis
1331 1744 1699 1808 consulibus
1732 1744 2034 1808 dilectum
2064 1744 2391 1809 difficilem
2424 1766 2597 1828 esse3

211 1828 526 1893 neminem
571 1829 836 1894 invitum
882 1830 1145 1895 militem
1189 1832 1271 1895 ab
1319 1830 1395 1894 iis
1443 1830 1596 1894 fieri.
1678 1829 1744 1893 id
1791 1837 1860 1894 ut
1905 1830 1992 1894 ita
2046 1850 2193 1896 esse
2253 1832 2489 1896 scirent
2536 1839 2597 1896 et
2625 1846 2651 1883 ⁴

209 1923 427 2000 patres
473 1917 832 2001 conscripti,
882 1924 1208 2000 praetores
1254 1937 1341 1997 se,
1392 1918 1622 1999 quibus
1669 1917 1767 1982 vis
1811 1917 2060 2000 imperii
2106 1918 2309 1982 minor
2347 1926 2409 1983 et
2454 1939 2599 1983 auc-

130 2023 180 2060 20
209 2003 434 2068 toritas
481 2010 672 2083 esset,
719 2003 1043 2085 dilectum,
1091 2004 1145 2068 si
1191 2004 1282 2068 ita
1328 2004 1577 2068 senatui
1607 2003 1948 2085 videretur,
1995 2004 2388 2088 perfecturos
2435 2025 2594 2070 esse.

208 2090 274 2155 id
321 2091 719 2175 praetoribus
763 2112 1001 2175 magna
1054 2097 1304 2175 patrum
1360 2092 1834 2177 approbatione,
1901 2112 2026 2156 non
2094 2091 2231 2158 sine
2301 2091 2599 2176 suggilla-
2625 2096 2666 2145 δ’

420 2253 463 2302 1.
489 2255 566 2302 ni'i
591 2251 612 2312 ΙΙ
637 2232 858 2303 tiaibat.
892 2246 900 2314 Ι
932 2253 981 2303 2.
1009 2248 1282 2302 luciatrei.
1315 2244 1324 2314 Ι
1355 2253 1615 2302 aemerat.
1643 2246 1649 2314 Ι
1675 2252 1722 2302 3.
1745 2249 2022 2303 duasoraS.
2044 2247 2053 2316 Ι
2076 2252 2126 2303 4.
2140 2251 2272 2316 fort.
2292 2250 2360 2304 ab
2382 2250 2598 2303 decem-

203 2335 343 2388 viris
386 2334 456 2387 H.
499 2335 547 2389 Ι.
590 2335 828 2389 Μίὶῑῑεν*.
896 2333 906 2402 Ι
954 2335 1092 2388 aditi
1132 2336 1245 2389 XL.
1284 2335 1467 2399 (libris
1512 2335 1813 2389 decemviri
1843 2336 2007 2390 aditis
2050 2336 2421 2403 quadraginta
2462 2337 2508 2389 I.
2535 2338 2597 2389 F.

205 2419 544 2485 Gronovius)
570 2418 578 2487 Ι
602 2424 652 2475 5.
676 2421 949 2486 hostibus,
985 2438 1119 2474 corr.
1147 2423 1224 2475 ed.
1249 2422 1379 2474 Bas,
1417 2419 1583 2476 1531.
1617 2419 1626 2489 Ι
1659 2421 1781 2488 diis,
1809 2422 1894 2475 dis
1935 2424 2305 2475 Weissenborn.
2338 2421 2347 2488 Ι
2378 2427 2426 2476 6.
2453 2428 2597 2476 etut-

201 2508 622 2562 dideruntutisu
647 2508 669 2571 ΙΙ
693 2508 938 2592 plicatio,
967 2509 1266 2562 ediderunt
1292 2512 1347 2561 et
1370 2509 1456 2562 uti
1482 2508 1817 2577 supplicatio
1843 2510 1889 2561 I.
1917 2510 1978 2561 F.
2015 2510 2305 2562 Gronovius
2341 2509 2420 2572 (et
2445 2509 2597 2564 addi-

202 2595 424 2662 derunt,
480 2595 565 2647 uti
620 2594 956 2662 supplicatio
1010 2597 1088 2649 ed.
1126 2597 1254 2648 Bas,
1293 2592 1485 2662 1531.)
1537 2595 1547 2662 Ι
1597 2598 1645 2649 8.
1684 2595 1766 2648 uti
1803 2596 1880 2649 X-
1925 2596 2031 2649 uiri
2074 2594 2417 2663 praeierun¹t
2456 2595 2596 2664 (sic),

203 2686 614 2750 praeceperunt
649 2682 836 2734 Duker
875 2680 1070 2751 (potius
1105 2687 1508 2750 praeceperant
1545 2684 1762 2751 Madvig]
1797 2684 1852 2734 in
1887 2684 2009 2736 adn.
2047 2682 2170 2749 ed),
2197 2684 2598 2751 praedixerunt

202 2768 472 2836 Kreyssiy.
497 2765 504 2835 Ι
528 2770 576 2822 9.
592 2768 884 2823 censorib’.
907 2767 916 2835 Ι
941 2768 1151 2822 edictas
1177 2770 1199 2831 ΙΙ
1223 2767 1343 2824 uN.
1367 2765 1376 2835 Ι
1403 2774 1482 2823 10.
1510 2770 1747 2824 leuinuS.
1771 2767 1778 2835 Ι
1801 2770 1839 2823 l.
1854 2774 2021 2837 postu
2046 2770 2068 2831 ΙΙ
2092 2770 2253 2836 mius,
2286 2770 2377 2836 Sp.
2403 2772 2596 2824 Postu-

202 2855 350 2908 mius
386 2855 560 2908 Hertz.
594 2854 603 2919 Ι
637 2858 718 2908 11.
759 2872 827 2922 ·p
850 2887 862 2899 ·
898 2855 1132 2909 mucius.
1164 2852 1173 2921 Ι
1207 2888 1218 2899 ·
1239 2875 1302 2910 c·
1330 2858 1351 2919 ΙΙ
1378 2856 1581 2924 iunius,
1606 2873 1740 2909 corr.
1767 2856 2026 2923 Siyonz'ua
2059 2849 2068 2919 Ι
2104 2859 2183 2908 12.
2222 2856 2433 2921 pulcer.
2465 2852 2474 2920 Ι
2509 2859 2595 2909 ·t·

203 2941 571 3010 sempronius,
606 2944 686 2995 hic
721 2952 766 2994 et
798 2952 978 3011 postea
1014 2942 1053 3010 5
1088 2941 1126 2996 6
1163 2961 1297 2997 corr.
1337 2944 1414 2996 ed.
1439 2943 1569 2996 Bas,
1594 2940 1748 2995 1535
1777 2941 1872 3008 (cf.
1892 2941 2159 2993 Gitlbauer
2183 2960 2235 3010 p.
2262 2940 2380 3006 46.)
2415 2939 2423 3006 Ι
2456 2939 2592 3007 οθἿΙ

204 3027 663 3095 sorescreauitpfr.
707 3027 715 3094 Ι
762 3030 841 3081 13.
881 3028 1289 3083 dilectushabe·‘
1315 3029 1337 3092 ΙΙ
1374 3028 2313 3097 dimaiorquamaliasproptermace
2338 3028 2360 3090 ΙΙ
2386 3028 2597 3081 donici-

201 3113 674 3183 bellicuramesse‚
712 3132 847 3167 corr.
885 3116 962 3168 ed.
1000 3117 1128 3169 Bas.
1175 3114 1323 3168 1531
1361 3117 1624 3180 (dilectus
1671 3114 1959 3169 habendus
2008 3115 2185 3167 maior
2239 3132 2404 3181 quam
2459 3114 2595 3168 alias

201 3205 440 3271 propter
456 3201 803 3256 Macedonici
826 3201 966 3256 belli
991 3219 1180 3256 curam
1202 3209 1349 3257 esset
1368 3204 1584 3256 Harant
1600 3222 1657 3273 p.
1680 3201 1834 3264 262.)
1866 3200 1875 3267 Ι
1913 3202 1991 3254 14.
2012 3205 2162 3270 aput.
2195 3198 2204 3266 Ι
2241 3201 2320 3253 15.
2341 3204 2396 3253 et
2414 3201 2593 3253 inclus,

201 3289 250 3342 Ι.
289 3289 351 3341 F.
394 3287 700 3354 Gronovitw,
756 3290 829 3358 cf.
868 3290 1089 3357 Madvz‘y
1125 3290 1246 3342 Em.
1284 3289 1346 3343 L.
1380 3309 1437 3358 p.
1476 3289 1603 3343 6²70.
1647 3287 1656 3355 Ι
1701 3291 1780 3341 16.
1831 3292 1902 3341 et.
1951 3306 2023 3341 m.
2074 3289 2198 3340 clau
2223 3288 2244 3349 ΙΙ
2270 3286 2477 3353 ᾱίιιεῇτ.
2516 3287 2594 3349 (et

200 3375 279 3428 M.
318 3374 582 3428 Claudius
619 3375 833 3427 tribuni
868 3377 944 3428 ed.
982 3376 1108 3428 Bas.
1147 3374 1333 3438 1531.)
1371 3373 1380 3441 Ι
1428 3373 1509 3429 18.
1547 3374 1738 3428 abisfie
1764 3376 1785 3437 ΙΙ
1810 3375 1875 3428 ri.
1919 3373 1927 3439 Ι
1970 3375 2378 3441 idutitautesse,
2426 3374 2487 3426 id
2531 3378 2594 3426 ut

202 3462 283 3516 ita
319 3478 440 3516 esse
474 3462 742 3531 Kreyssiy,
781 3461 848 3525 cf.
888 3462 1080 3515 Vahlen
1115 3463 1302 3531 ephem.
1347 3462 1527 3516 Austr.
1564 3461 1710 3516 1861
1741 3481 1796 3531 p.
1835 3461 1955 3516 262
1991 3462 2072 3526 (id
2107 3462 2186 3514 ita
2232 3466 2296 3515 ut
2346 3478 2467 3515 esse
2515 3461 2591 3512 ed.

203 3550 333 3602 Bas.
372 3546 563 3617 1531.)
608 3547 618 3615 Ι
662 3553 911 3617 etpatres
936 3549 958 3611 ΙΙ
984 3565 1046 3616 c.‚
1088 3552 1143 3618 et
1190 3553 1380 3616 patres
1419 3549 1722 3616 conscripti
1758 3550 1833 3601 ed.
1870 3548 1999 3601 Bas.
2037 3546 2201 3615 1531,
2239 3552 2426 3616 patres
2463 3562 2592 3599 con-

202 3635 404 3704 scripti
455 3636 690 3705 Madviy,
728 3638 817 3689 sed
851 3637 922 3705 cf.
971 3636 1163 3690 Vahlen
1200 3636 1233 3689 l.
1271 3636 1305 3689 I.
1338 3633 1347 3701 Ι
1383 3639 1462 3689 19.
1499 3635 2155 3704 praetoresetquibusuis,
2192 3639 2478 3703 praetores
2515 3647 2590 3697 se,

203 3723 406 3790 quibus
445 3723 528 3777 vis
552 3724 769 3777 Harant
798 3743 856 3793 p.
882 3720 1016 3789 263,
1042 3728 1348 3792 praetores,
1376 3722 1578 3790 quibus
1605 3727 1661 3777 et
1687 3723 1769 3776 vis
1795 3725 1872 3776 ed.
1897 3725 2023 3775 Bas,
2050 3719 2212 3775 1531.
2246 3721 2253 3786 Ι
2286 3724 2368 3774 21.
2394 3732 2591 3787 appro-

203 3808 430 3863 batione
464 3810 585 3862 add.
628 3810 886 3877 Kreyssiy,
925 3811 1289 3863 consensione
1339 3810 1598 3876 Siqonz'uS,
1647 3809 1936 3863 voluntate
1973 3809 2207 3876 Madvig).

308 3930 375 3968 Li
395 3928 531 3967 vius
558 3939 661 3977 pars
690 3929 788 3968 Vll.
818 3929 931 3969 fasc.
960 3930 1048 3968 111.
1082 3929 1227 3968 Editio
1256 3929 1414 3967 maior.
2349 3879 2379 3927 2
