3005 4257
765 166 986 221 LIBER
1021 168 1186 222 XLII.
1229 169 1380 223 CAP.
1420 171 1504 223 38.
1543 171 1625 222 39.
1665 167 1738 237 [a.
1780 171 1839 224 U.
1882 186 1926 222 ο.
1965 168 2089 236 583]
2516 169 2600 232 47

206 338 513 423 Philippo
560 338 776 418 fuisse,
826 348 882 402 et
925 339 1184 404 minime
1228 338 1664 404 immemorem
1695 340 2189 405 necessitudinis
2243 337 2383 405 eius
2429 342 2600 423 lega-

205 426 452 491 tionem
498 446 641 490 eam
686 426 1068 522 suscepisse.
1146 426 1567 508 conloquium,
1631 427 1685 491 si
1754 427 1911 492 satis
1957 428 2288 492 commode
2334 428 2597 509 valeret,
2628 449 2678 488 ιο

205 533 336 577 non
383 512 582 577 fuisse
618 532 699 578 se
746 509 1121 594 dilaturum,
1194 533 1380 592 nunc,
1431 513 1540 577 ubi
1587 512 1861 597 primum
1903 521 2141 598 posset,
2190 514 2274 578 ad
2317 515 2600 578 Peneum

202 597 465 678 flumen,
534 620 659 682 qua
702 599 1008 664 transitus
1052 600 1134 664 ab
1181 599 1479 665 Homolio
1526 601 1720 664 Dium
1780 608 1967 680 esset,
2027 600 2427 689 praemissis,
2491 601 2598 683 qui

149 710 176 748 5
203 686 574 751 nuntiarent
617 686 774 768 regi,
822 692 1147 751 venturos.

412 842 729 906 XXXIX
804 844 887 907 Et
953 850 1090 906 tum
1146 842 1415 926 quidem
1481 844 1565 908 ab
1631 844 1757 909 Dio
1818 844 2089 910 Perseus
2163 843 2226 908 in
2295 844 2598 909 interiora
2626 864 2645 900 1

199 929 387 1012 regni
455 930 682 1014 recipit
748 948 838 1010 se,
874 929 1028 995 levi
1094 950 1252 995 aura
1311 929 1451 1014 spei
1498 931 1764 1013 obiecta,
1829 931 2001 1013 quod
2061 931 2337 997 Marcius
2396 931 2598 1016 ipsius

199 1036 400 1082 causa
462 1015 820 1101 suscepisse
873 1035 943 1080 se
996 1018 1387 1099 legationem
1440 1016 1740 1102 dixisset3
1810 1026 1952 1119 post
2007 1017 2144 1105 dies
2213 1037 2451 1102 paucos
2500 1016 2597 1118 ‘ad

197 1103 617 1171 constitutum
690 1103 903 1168 locum
975 1111 1310 1169 venerunt.
1401 1125 1676 1187 magnus
1752 1105 2089 1170 comitatus
2170 1105 2290 1169 fuit
2377 1102 2594 1205 regius
2625 1123 2648 1159 2

119 1213 169 1252 ιο
199 1210 345 1254 cum
435 1189 780 1255 amicorum
870 1198 1004 1256 tum
1081 1191 1424 1257 satellitum
1499 1192 1687 1256 turba
1776 1192 2073 1276 stipante.
2153 1212 2280 1256 non
2353 1192 2594 1256 minore

194 1277 454 1358 agmine
520 1276 720 1359 legati
762 1284 1075 1341 venerunt
1134 1284 1198 1343 et
1258 1277 1340 1342 ab
1386 1279 1607 1344 Larisa
1665 1278 1882 1343 multis
1941 1278 2496 1363 prosequentibus
2532 1285 2602 1342 et.

195 1362 630 1445 legationibus
676 1364 1049 1442 civitatium,
1104 1385 1268 1447 quae
1315 1373 1746 1430 convenerant
1791 1365 2074 1430 Larisam
2121 1375 2183 1430 et
2229 1365 2593 1430 renuntiare

194 1448 456 1519 domum
502 1457 690 1531 certa,
762 1470 927 1532 quae
970 1450 1320 1531 audissent,
1384 1453 1705 1517 volebant.
1752 1452 1955 1516 inerat
2003 1473 2154 1518 cura
2197 1451 2390 1516 insita
2435 1470 2591 1515 mor-
2620 1468 2645 1506 3

192 1535 429 1601 talibus
474 1534 737 1602 videndi
783 1536 1275 1620 congredientes
1322 1539 1604 1603 nobilem
1647 1559 1869 1621 regem
1915 1546 1977 1602 et
2023 1539 2241 1624 populi
2287 1537 2594 1623 principis

115 1646 166 1684 15
194 1631 512 1688 terrarum
555 1624 831 1688 omnium
875 1625 1140 1706 legatos.
1232 1635 1305 1689 ut
1347 1625 1414 1689 in
1460 1632 1806 1726 conspectu
1853 1632 2181 1706 steterunt,
2253 1625 2586 1690 dirimente
2617 1643 2642 1679 4

194 1710 386 1790 amni,
457 1710 781 1795 paulisper
836 1711 1352 1777 internuntiando
1415 1712 1732 1777 cunctatio
1795 1712 1932 1793 fuit,
2001 1713 2122 1776 utri
2190 1711 2591 1794 transgrede-

195 1803 431 1861 rentur.
495 1796 736 1878 aliquid
794 1797 888 1861 illi
948 1799 1165 1880 regiae
1234 1799 1571 1877 maiestati,
1634 1801 1704 1862 hi
1763 1797 2005 1880 aliquid
2055 1794 2278 1884 populi
2322 1799 2590 1863 Romani

197 1883 455 1964 nomini,
527 1902 671 1948 cum
710 1886 1091 1969 praesertim
1135 1886 1407 1950 Perseus
1451 1886 1719 1970 petisset
1766 1885 2187 1985 conloquium,
2251 1884 2589 1949 existuma-

196 1969 357 2034 bant
402 1969 643 2035 deberi.
689 1970 829 2036 ioco
875 1970 1024 2036 dein
1055 1972 1329 2036 Marcius
1375 1978 1744 2039 cunctantes
1790 1972 2003 2036 movit.
2057 1972 2338 2055 „minor“
2385 1971 2591 2053 inquit
2618 1987 2642 2025 ⁵

115 2079 168 2119 20
202 2054 327 2142 „ad
371 2056 647 2123 maiores
695 2058 796 2122 et“
847 2094 930 2104 —
977 2058 1147 2141 quod
1192 2058 1491 2146 Philippo
1538 2059 1660 2144 ipsi
1692 2078 2050 2142 cognomen
2095 2065 2231 2123 erat
2265 2094 2345 2104 —
2384 2057 2587 2140 „filius

197 2143 284 2208 ad
328 2151 579 2228 patrem
621 2146 967 2211 transeatff‘
1017 2146 1208 2213 facile
1254 2166 1630 2230 persuasum
1674 2147 1743 2210 id
1787 2146 1923 2229 regi
1970 2154 2086 2211 est.
2136 2143 2311 2210 aliud
2357 2143 2589 2210 deinde
2618 2161 2643 2199 6

194 2231 663 2331 ambigebatur,
715 2253 858 2297 cum
904 2253 1096 2315 quam
1141 2234 1354 2299 multis
1400 2234 1715 2298 transiret.
1771 2253 1885 2298 rex
1914 2254 2057 2299 cum
2090 2232 2259 2298 omni
2290 2233 2592 2298 comitatu

196 2318 468 2382 transire
514 2339 737 2383 aecum
784 2320 1117 2404 censebat3
1166 2320 1367 2402 legati
1412 2320 1518 2385 vel
1564 2342 1708 2385 cum
1753 2320 1953 2385 tribus
1998 2320 2218 2385 venire
2264 2319 2588 2399 iubebant,

194 2406 320 2490 vel,
368 2403 423 2469 si
468 2411 716 2470 tantum
760 2427 994 2488 agmen
1025 2408 1402 2488 traduceret,
1452 2406 1708 2473 obsides
1754 2407 1927 2488 dare,
1978 2407 2137 2472 nihil
2182 2406 2424 2471 fraudis
2457 2405 2592 2471 fore

430 2703 476 2752 1.
514 2705 572 2754 et
607 2702 729 2753 add.
785 2702 1159 2754 Weissenborn.
1193 2700 1202 2768 Ι
1234 2702 1844 2771 minimummemorem,
1905 2720 2038 2756 corr.
2087 2706 2165 2756 ed.
2211 2703 2337 2755 Bas.
2375 2699 2541 2755 1531.
2584 2699 2590 2767 Ι

191 2789 240 2839 3.
303 2796 396 2839 aut
454 2792 684 2855 possent
736 2799 828 2841 aut
896 2790 1029 2859 infr.
1089 2795 1387 2842 venturum
1459 2790 1701 2858 Ruperti.
1793 2787 1802 2855 Ι
1889 2792 1940 2843 4.
2001 2789 2448 2864 abomonodium‚
2522 2791 2592 2843 ab

190 2872 413 2927 Omolio
475 2872 757 2939 (Homolio
816 2893 952 2928 corr.
1012 2875 1417 2943 Drakenborch)
1479 2877 1647 2930 Dium
1696 2880 1771 2930 ed.
1826 2878 1953 2929 Bas,
2011 2876 2174 2930 1531.
2242 2876 2251 2942 Ι
2318 2883 2366 2930 6.
2424 2877 2592 2931 abdio

190 2957 248 3025 (b
283 2977 402 3030 sup.
441 2960 587 3026 scr).
621 2958 630 3026 Ι
661 2964 710 3013 7.
747 2962 964 3030 recipit,
1012 2962 1224 3031 recepit
1265 2966 1343 3016 ed.
1405 2961 1534 3016 Par.
1595 2962 1759 3017 1573.
1808 2961 1816 3030 Ι
1867 2967 1914 3017 9.
1970 2963 2261 3030 cogitatus.
2295 2960 2303 3029 Ι
2338 2967 2418 3016 10.
2474 2969 2591 3017 tur-

187 3047 482 3115 basstipan
498 3044 517 3114 ΙΙ
535 3048 639 3101 te*.
674 3044 683 3113 Ι
729 3050 809 3101 11.
866 3065 936 3101 ex
970 3049 1349 3116 legationibus
1385 3053 1519 3104 coni.
1557 3052 1827 3119 Pluyyera
1872 3049 1878 3114 Ι
1926 3053 2007 3102 12.
2028 3049 2431 3116 ciuitatiumq.*
2464 3047 2473 3115 Ι
2508 3055 2588 3104 13.

187 3132 428 3202 inerant,
483 3132 663 3187 inerat
716 3137 793 3187 ed.
841 3136 967 3187 Bas.
1008 3134 1171 3202 1531,
1210 3143 1481 3191 venerant
1531 3136 1631 3204 (sic
1673 3139 1780 3190 iam
1820 3137 2174 3190 Weissenborn
2217 3138 2272 3188 in
2316 3135 2463 3199 adn.)
2516 3140 2590 3189 vel

186 3218 371 3273 ierant
411 3218 605 3272 Nova'k
645 3219 795 3289 Listy
842 3222 918 3287 fil.
974 3221 1138 3275 1883.
1182 3220 1307 3288 114.
1363 3223 2098 3291 uiuendicongredientibus.
2143 3217 2151 3289 Ι
2198 3227 2279 3275 15.
2335 3227 2398 3275 ut
2451 3224 2499 3276 k.
2555 3227 2587 3275 l.

187 3309 314 3361 add.
347 3307 568 3374 Madvig]
623 3308 941 3375 (postquam
990 3312 1108 3362 add.
1148 3313 1224 3363 ed.
1261 3312 1389 3364 Bas,
1445 3310 1633 3376 1531).
1702 3308 1710 3377 Ι
1778 3310 2064 3364 dirimene.
2131 3309 2140 3377 Ι
2210 3313 2290 3363 16.
2329 3309 2534 3363 fuituti.
2577 3306 2585 3377 Ι

189 3395 271 3446 17.
325 3393 386 3445 1ιὶ
438 3394 491 3446 h.
558 3396 591 3446 l.
664 3397 784 3448 add.
858 3397 925 3449 H.
998 3397 1044 3448 I.
1115 3396 1327 3465 Miiller,
1373 3410 1495 3469 post
1550 3398 1759 3465 aliquid
1836 3402 1913 3451 ed.
1989 3397 2118 3451 Bac.
2196 3396 2361 3451 1531.
2427 3395 2436 3464 Ι
2506 3401 2585 3450 19.

186 3478 329 3533 loeo.
398 3476 407 3543 Ι
475 3479 657 3548 etiam,
696 3481 823 3534 dein
861 3483 928 3535 H.
968 3482 1014 3534 I.
1052 3483 1247 3536 Milller
1301 3503 1422 3537 ann.
1460 3487 1637 3538 Berol.
1677 3483 1825 3538 1883
1853 3504 1911 3554 p.
1949 3482 2064 3538 340
2113 3482 2358 3551 (tandem
2395 3483 2586 3537 Nova'k

177 3583 236 3634 p.
273 3563 466 3633 261).*
498 3564 507 3632 Ι
540 3569 945 3623 cunctantibus.
978 3570 988 3635 Ι
1020 3570 1230 3638 inquid.
1263 3569 1274 3638 Ι
1304 3574 1389 3624 20.
1416 3573 1652 3626 maiores
1692 3570 1789 3641 (cf.
1810 3572 2026 3624 Harant
2037 3591 2094 3640 p.
2121 3570 2284 3638 243),
2320 3570 2586 3626 maiorem

185 3654 263 3704 ed.
300 3654 431 3705 Bas.
470 3651 635 3705 1531.
680 3651 689 3719 Ι
736 3654 1459 3737 Pilippoipsocongnome”*.
1493 3655 1501 3723 Ι
1533 3657 1772 3739 plifilius.
1806 3654 1815 3722 Ι
1848 3656 2444 3727 21.1“3ΙΙΙΘΡθι’3ιιε.ειιιιι.
2468 3655 2477 3726 Ι
2500 3658 2583 3709 22.

186 3756 880 3826 ambigebatursumquam.
934 3760 943 3825 Ι
999 3761 1302 3815 comitiatu.
1357 3760 1366 3829 Ι
1420 3766 1504 3816 23.
1542 3763 1822 3816 iuuebant.
1873 3759 1881 3828 Ι
1930 3765 2014 3815 24.
2054 3762 2227 3830 daret,
2264 3780 2398 3814 corr.
2436 3762 2482 3813 I.
2521 3759 2585 3811 F.
2661 3783 2694 3814 ..f

189 3842 483 3897 Gronovius
521 3847 674 3914 prob.
722 3846 1010 3917 Maduiyio.
