3005 4257
774 136 1000 189 LIBER
1038 136 1241 190 XLIV.
1281 135 1448 190 CAP.
1491 137 1573 189 15.
1616 137 1698 189 16.
1742 137 1814 205 [a.
1855 136 1920 191 U.
1960 153 2007 190 c.
2046 136 2173 205 585]
2608 124 2692 186 23

276 316 622 381 habituros.
673 316 846 380 itane
893 316 1201 381 tandem?
1260 316 1328 380 ni
1377 324 1679 398 pareatur
1725 316 1805 379 iis
1854 316 2305 397 exercitusque
2353 317 2432 380 de
2480 317 2688 380 Mace-

275 406 471 469 donia
529 407 962 488 deportentur,
1025 405 1275 471 visuros
1322 424 1483 486 esse,
1542 404 1697 487 quid
1746 405 1872 469 sibi
1929 405 2298 470 faciendum
2346 406 2476 471 sit?
2535 407 2691 487 quid

275 495 512 559 Rhodii
560 496 759 559 visuri
808 495 956 575 sint,
1003 495 1181 577 ipsos
1229 495 1412 558 scire.
1460 496 1766 577 populum
1816 502 1989 558 certe
2026 495 2381 559 Romanum
2432 496 2688 561 devicto

272 584 524 665 Perse0,
572 586 744 665 quod
792 604 993 667 prope
1042 585 1218 648 diem
1266 592 1526 666 sperent
1571 582 1729 665 fore,
1789 584 2097 665 visurum,
2158 592 2229 648 ut
2275 605 2390 667 pro
2441 586 2689 651 meritis

207 688 236 730 5
273 674 580 755 cuiusque
636 675 703 737 in
753 692 827 738 eo
885 673 1056 737 bello
1115 672 1397 737 civitatis
1463 673 1743 755 gratiam
1810 672 2075 754 dignam
2140 674 2391 740 referat.
2459 694 2689 740 munus

272 771 491 827 tamen
537 763 774 846 legatis
821 763 885 826 in
934 762 1227 845 singulos
1274 763 1498 826 binum
1546 762 1797 826 milium
1844 763 2013 827 aeris
2053 764 2318 827 missum
2358 772 2471 844 est,
2520 765 2690 845 quod

271 851 317 915 ii
368 873 492 916 non
543 860 947 934 acceperunt.

486 942 658 1006 XVI.
736 942 1020 1005 Litterae
1096 939 1248 1004 dein
1317 939 1633 1004 recitatae
1709 939 1782 1016 Q.
1858 940 2084 1005 Marcii
2161 941 2444 1006 consulis
2522 950 2685 1021 sunt,

272 1030 810 1109 quemadmodum
858 1031 1025 1094 saltu
1074 1036 1374 1113 superato
1430 1029 1498 1092 in
1546 1030 1991 1094 Macedoniam
2049 1030 2412 1096 transisset:
2471 1030 2567 1094 ibi
2626 1037 2691 1095 et
2753 1052 2780 1092 2

178 1133 234 1176 10
273 1139 354 1182 ex
412 1119 561 1183 aliis
618 1119 776 1184 locis
833 1126 1225 1184 commeatus
1281 1126 1660 1201 prospectos
1719 1119 1786 1182 in
1844 1119 2122 1183 hiemem
2187 1119 2426 1184 habere
2484 1126 2547 1183 et
2605 1120 2687 1183 ab

271 1207 554 1290 Epirotis
593 1207 822 1291 viginti
873 1207 1049 1272 milia
1091 1208 1372 1271 modium
1413 1207 1627 1288 tritici,
1675 1208 1897 1272 decem
1941 1208 2164 1273 hordei
2204 1209 2573 1291 sumpsisse,
2621 1216 2691 1274 ut

272 1318 385 1381 pro
435 1318 511 1361 eo
559 1297 877 1361 frumento
925 1297 1202 1381 pecunia
1251 1298 1492 1361 Romae
1539 1297 1776 1380 legatis
1825 1317 2039 1362 eorum
2091 1305 2435 1362 curaretur.
2494 1298 2687 1361 vesti-

273 1393 490 1450 menta
537 1387 850 1451 militibus
906 1388 988 1451 ab
1045 1388 1254 1450 Roma
1314 1386 1629 1450 mittenda
1687 1406 1856 1466 esse3
1908 1387 2090 1468 equis
2142 1387 2438 1452 ducentis
2486 1386 2688 1451 ferme

271 1496 430 1557 opus
470 1495 628 1557 esse,
666 1477 949 1540 maxime
988 1475 1368 1556 Numidicis‘,
1408 1495 1525 1539 nec
1566 1475 1693 1540 sibi
1730 1475 1799 1539 in
1837 1474 1939 1540 his
1986 1477 2147 1540 locis
2186 1477 2385 1540 ullam
2433 1475 2688 1558 copiam

175 1578 232 1620 15
272 1585 430 1630 esse.
479 1571 743 1631 senatus
793 1566 1177 1644 consultum,
1226 1572 1294 1629 ut
1341 1585 1420 1629 ea
1467 1566 1683 1628 omnia
1724 1586 1807 1628 ex
1852 1566 2082 1630 litteris
2124 1566 2405 1632 consulis
2442 1565 2687 1646 fierent,

268 1654 510 1718 factum
577 1663 686 1718 est.
757 1654 823 1720 O.
892 1655 1217 1736 Sulpicius
1283 1662 1542 1737 praetor
1618 1674 1735 1719 sex
1799 1655 1980 1718 milia
2044 1663 2356 1737 togarum,
2422 1655 2689 1737 triginta

268 1745 651 1825 tunicarum,
691 1763 890 1825 equos
931 1745 1242 1808 ducentos
1275 1743 1678 1825 deportanda
1709 1745 1776 1807 in
1807 1744 2255 1808 Macedoniam
2285 1745 2684 1827 praebenda-

272 1851 396 1912 que
459 1833 775 1897 arbitratu
833 1832 1116 1897 consulis
1163 1834 1417 1913 locavit,
1474 1840 1540 1897 et
1595 1834 1831 1915 legatis
1880 1834 2289 1916 Epirotarum
2344 1834 2688 1916 pecuniam

271 1942 384 2002 pro
451 1921 768 1985 frumento
839 1923 1046 2002 solvit,
1122 1929 1185 1986 et
1251 1921 1645 2002 Onesimum,
1718 1921 2032 2005 Pythonis
2105 1922 2328 2002 filium,
2404 1924 2688 1988 nobilem

173 2024 232 2066 20
271 2011 719 2092 Macedonem,
764 2011 831 2074 in
882 2018 1177 2075 senatum
1226 2010 1604 2076 introduxit.
1652 2012 1709 2076 is
1747 2011 1930 2094 pacis
1980 2031 2232 2095 semper
2278 2018 2501 2078 auctor
2550 2012 2689 2094 regi

271 2101 480 2164 suerat
526 2106 1003 2182 monueratque,
1054 2101 1219 2166 sicut
1263 2108 1450 2183 pater
1497 2102 1637 2166 eius
1683 2101 2024 2184 Philippus
2070 2101 2436 2167 institutum
2483 2121 2687 2184 usque

270 2192 355 2254 ad
403 2189 693 2255 ultimum
740 2191 914 2254 vitae
963 2190 1133 2254 diem
1183 2200 1472 2256 servarat
1520 2190 1777 2271 cotidie,
1824 2192 1926 2255 bis
1974 2192 2042 2255 in
2082 2192 2204 2271 dic,
2244 2192 2524 2256 foederis
2572 2192 2684 2257 icti

483 2387 530 2437 1.
567 2383 1743 2458 itanetandemispaflreaturisexercitusque,
1794 2403 1930 2440 corr.
1976 2386 2191 2440 Ore'vz‘er
2237 2387 2413 2453 (itane
2453 2388 2683 2441 tandem

265 2474 335 2526 iis
372 2479 653 2543 pareatur,
689 2476 1082 2544 exercitusque
1123 2476 1203 2529 ed.
1242 2477 1381 2529 Bas,
1419 2479 1600 2544 1531).
1652 2477 1660 2545 Ι
1712 2478 1763 2529 2.
1804 2477 2100 2544 quodrodi.
2154 2478 2159 2544 Ι
2212 2477 2262 2529 6.
2302 2477 2686 2545 tamenlonga-

267 2582 360 2634 tis.
410 2583 418 2649 Ι
467 2582 715 2635 millium.
770 2584 778 2652 Ι
829 2583 879 2635 7.
917 2590 1251 2650 acceperunt
1289 2568 1359 2638 de
1396 2581 1653 2654 litllterae.
1706 2584 1714 2651 Ι
1758 2583 1808 2636 8.
1847 2582 2686 2655 deindecitates‘quemarciconss-

265 2669 522 2737 sulisunt,
563 2687 698 2724 corr.
741 2672 822 2725 ed.
861 2672 998 2725 Bas.
1035 2675 1179 2725 1531
1208 2678 1258 2725 et
1285 2672 1490 2725 Hartel
1518 2690 1579 2739 Ρ.
1608 2677 1679 2725 13
1711 2672 1858 2741 (dein
1897 2672 2208 2742 recitatae).
2242 2676 2251 2742 1
2285 2674 2334 2726 9.
2363 2673 2681 2739 transisse!

267 2759 353 2811 10.
391 2759 1272 2832 commeatusremp,llprospectOS,
1311 2766 1654 2815 commeatus
1691 2765 2019 2830 prospectos
2059 2761 2338 2831 Kreyssiy,
2380 2761 2451 2827 cf.
2482 2763 2686 2815 Novak

264 2848 464 2915 ephem.
511 2850 701 2903 Austr.
747 2854 903 2904 1892
940 2868 1000 2917 Ρ.
1051 2854 1189 2917 204,
1239 2856 1581 2905 commeatus
1628 2868 1662 2904 a
1710 2855 1965 2918 praetore
2026 2857 2355 2918 prospectos
2405 2850 2683 2920 Siyonius,

264 2943 608 2992 commeatus
639 2954 698 2993 se
729 2945 1062 3007 prospectos
1092 2940 1322 3007 Vahlen,
1352 2944 1696 2994 commeatus
1727 2942 1981 3007 emp<tos
2012 2941 2149 3006 aut>
2164 2944 2496 3007 prospectos
2528 2941 2684 2994 dubi-

263 3032 450 3080 tanter
484 3028 565 3082 H.
601 3029 653 3081 I.
693 3028 904 3082 Maller
938 3030 1001 3082 in
1041 3030 1172 3082 adn.
1212 3029 1292 3083 ed.
1322 3047 1381 3097 Ρ.
1428 3033 1519 3083 93.
1572 3031 1578 3097 1
1634 3030 1716 3082 11.
1758 3030 1899 3083 ·XX·
1942 3029 2209 3083 modium.
2260 3030 2269 3098 Ι
2320 3030 2390 3082 Χ.
2429 3028 2643 3102 horfldei
2676 3035 2682 3100 Ι

263 3134 349 3186 13.
387 3134 693 3189 abromam.
727 3135 735 3203 Ι
769 3124 1200 3204 esseet.quiS.c—c.
1234 3137 1242 3204 Ι
1281 3137 1362 3189 14.
1400 3134 1955 3207 ῃιιῐῐιίᾶίῃθοείιζίοὶιίε,
1995 3136 2396 3205 Numidi<cis>,
2435 3154 2539 3191 nec
2577 3138 2686 3192 sibi

259 3223 313 3275 in
366 3223 453 3277 his
499 3223 700 3279 Novdk
746 3226 899 3279 &eske'
938 3242 1072 3279 ntus.
1120 3227 1200 3293 fil.
1238 3227 1339 3278 IX
1361 3244 1423 3294 Ρ.
1465 3230 1547 3279 87
1582 3226 1861 3293 (Numidis
1898 3242 2001 3280 nec
2049 3226 2157 3279 sibi
2204 3226 2260 3278 in
2299 3226 2386 3280 his
2425 3228 2505 3279 ed.
2542 3228 2684 3281 Bas.

259 3334 442 3400 1531).
476 3332 484 3399 l
521 3332 603 3385 15.
633 3320 709 3386 s—c.
750 3337 893 3386 etea.
929 3334 936 3400 Ι
973 3333 1056 3386 16.
1095 3321 1531 3400 ffiUItocarum.
1567 3337 1573 3400 Ι
1612 3333 1693 3386 17.
1735 3334 2341 3401 equosetdeportanda,
2382 3349 2557 3400 equos
2596 3334 2684 3387 CC

263 3420 616 3487 deportanda
669 3422 967 3488 (portanda
1004 3422 1258 3490 Madviy)
1302 3420 1735 3474 Forchhammer
1784 3439 1873 3489 αΡ.
1911 3421 2162 3490 Madviq.
2200 3422 2324 3474 Em.
2362 3420 2430 3473 L.
2460 3438 2520 3487 Ρ.
2568 3424 2687 3475 687

264 3506 346 3571 (et
383 3503 952 3579 equosdeportanda
991 3511 1071 3563 ed.
1109 3511 1248 3563 Bas,
1277 3511 1458 3580 1531).
1493 3516 1500 3575 Ι
1534 3511 2020 3579 praebendaquae.
2056 3512 2063 3578 Ι
2101 3511 2182 3563 18.
2223 3510 2679 3578 pecuniamque!

269 3598 351 3651 19.
393 3598 552 3652 solui.
586 3600 594 3667 Ι
637 3605 864 3670 pytons.
918 3602 925 3665 Ι
976 3600 1061 3651 21.
1100 3598 1691 3671 institutullqueusque.
1743 3600 1751 3667 Ι
1803 3601 1889 3653 22.
1929 3599 2212 3667 seruabat,
2252 3615 2391 3653 corr.
2429 3599 2685 3652 Draken-

267 3686 448 3740 borch.
483 3688 490 3755 Ι
522 3690 605 3742 vel
640 3688 849 3742 cotidie
886 3689 969 3742 vel
1005 3688 1062 3741 in
1101 3689 1192 3743 die
1232 3689 1523 3742 delendum
1560 3704 1670 3741 esse
1702 3703 1850 3756 susp.
1880 3690 2086 3756 Duker,
2124 3688 2221 3742 sed
2257 3687 2329 3754 cf.
2365 3686 2687 3756 Wesenbery

265 3792 321 3843 Ρ.
363 3778 484 3828 322
523 3783 571 3829 et
607 3777 685 3830 H.
725 3778 778 3829 I.
818 3776 1052 3830 Mulleri
1091 3779 1222 3831 adn.
1259 3779 1321 3830 in
1361 3776 1441 3830 ed.
1471 3794 1532 3844 Ρ.
1579 3780 1669 3831 94.
1706 3780 1712 3845 Ι
