3005 4257
353 182 391 242 2
903 193 1130 247 LIBER
1168 193 1369 248 XLIV.
1409 192 1573 246 CAP.
1617 193 1664 246 1.
1704 191 1755 244 2.
1798 192 1865 261 [a.
1910 191 1972 245 U.
2009 206 2057 244 ο.
2096 191 2220 260 585]

289 388 312 429 7
355 381 578 439 ornato
645 372 934 436 exercitu
999 365 1257 436 obviam
1323 371 1610 435 venienti
1672 372 1915 435 consuli
1987 370 2314 454 processit.
2384 377 2447 432 ct
2513 370 2759 453 primus

290 478 318 519 8
353 483 568 528 eorum
627 481 1007 545 congressus
1066 481 1146 525 ex
1195 461 1511 544 dignitate
1560 462 1844 544 ipsorum
1896 480 1971 523 ac
2018 458 2291 523 Romani
2352 461 2646 539 nominiS,
2698 467 2760 523 et

354 554 419 615 in
466 553 657 616 rebus
695 551 930 616 deinde
969 550 1270 633 gerendis
1299 589 1384 596 —
1415 551 1754 633 proconsul
1797 550 1966 613 enim
2007 547 2092 612 ad
2131 548 2481 612 exercitum
2520 551 2763 612 mansit

290 654 316 696 9
353 662 693 705 ——summa
737 642 1092 705 eoncordia.
1150 640 1374 722 paucis
1430 644 1575 721 post
1622 638 1851 703 diebus
1903 638 2126 702 consul
2175 639 2539 702 contionem
2587 639 2759 722 apud

265 744 317 785 10
357 731 594 794 milites
651 729 895 794 habuit.
954 749 1135 795 orsus
1184 750 1224 792 a
1269 728 1616 811 parricidio
1673 727 1896 792 Persei
1957 733 2318 810 perpetrato
2367 727 2433 790 in
2482 725 2761 806 fratrem,
2828 739 2855 781 5

355 820 639 902 cogitato
686 820 754 882 in
801 825 1150 903 parentem,
1199 817 1440 882 adiecit
1487 823 1631 900 post
1679 819 1922 882 scelere
1969 824 2226 901 partum
2265 836 2533 899 regnum
2571 836 2760 880 vene-

353 910 517 988 ficia,
575 908 826 988 caedeS,
885 908 1224 972 latrocinio
1281 906 1567 970 nefando
1627 908 1897 988 petitum
1957 907 2306 985 Eumenen,
2363 905 2630 969 iniurias
2697 907 2763 968 in

356 999 659 1081 populum
707 999 1091 1076 Romanum,
1143 997 1543 1080 direptiones
1586 996 1908 1060 sociarum
1949 995 2204 1059 urbium
2246 1002 2471 1059 contra
2508 993 2761 1077 foedus3

355 1109 433 1153 ea
490 1087 705 1152 omnia
761 1107 953 1167 quam
1012 1084 1138 1149 diis
1194 1104 1450 1167 quoque
1506 1085 1720 1150 invisa
1776 1091 2008 1163 essent,
2067 1104 2402 1149 sensurum
2459 1085 2526 1146 in
2586 1085 2765 1148 exitu

262 1188 315 1229 11
356 1197 568 1241 rerum
636 1195 921 1240 suarum:
987 1174 1209 1240 favere
1277 1175 1446 1238 enim
1513 1175 1744 1258 pietati
1810 1173 2089 1255 fideique
2164 1175 2337 1254 deos,
2412 1193 2526 1255 per
2600 1194 2766 1254 quae
2808 1182 2861 1224 10

354 1267 627 1350 populus
675 1266 1005 1329 Romanus
1054 1264 1139 1328 ad
1178 1269 1428 1327 tantum
1467 1263 1718 1346 fastigii
1756 1264 2023 1327 venerit.
2065 1264 2231 1327 vires
2274 1262 2506 1326 deinde
2546 1263 2769 1346 populi

353 1355 648 1435 Romani,
696 1355 824 1418 iam
881 1361 1197 1417 terrarum
1257 1353 1475 1416 orbem
1534 1353 2021 1436 conplectentis,
2071 1372 2213 1416 curn
2265 1352 2511 1416 viribus
2559 1350 2768 1415 Mace-

266 1455 317 1495 12
355 1445 611 1524 (Ioniae,
670 1443 994 1506 exercitus
1053 1463 1197 1506 cum
1256 1442 1653 1507 exercitibus
1713 1442 2111 1526 conparavit:
2178 1449 2423 1522 quanto
2493 1441 2769 1505 maiores

351 1533 637 1616 Philippi
683 1531 1117 1613 Antiochique
1166 1551 1321 1616 opes
1369 1552 1494 1596 non
1546 1531 1897 1596 maioribus
1948 1531 2150 1614 copiis
2199 1531 2441 1595 fractas
2492 1531 2679 1595 esse‘?

291 1633 311 1672 1
568 1624 648 1685 ΙΙ.
680 1621 888 1685 Huius
928 1621 1184 1704 generis
1224 1621 1679 1685 adhortatione
1720 1622 2013 1685 accensis
2055 1620 2331 1683 militum
2363 1620 2596 1684 animis
2626 1639 2769 1683 con·
2809 1626 2863 1668 15

356 1712 595 1775 sultare
645 1711 726 1775 de
775 1730 1024 1776 summa
1072 1710 1341 1792 gerendi
1392 1710 1546 1774 belli
1596 1713 1822 1794 coepit.
1872 1730 1948 1774 eo
1990 1715 2052 1773 et
2092 1709 2159 1774 C.
2196 1710 2478 1774 Marcius
2517 1715 2773 1790 praetor

292 1809 316 1850 2
361 1822 400 1863 a
448 1799 761 1865 Chalcide
811 1802 1020 1864 classe
1069 1807 1339 1883 accepta
1396 1800 1588 1864 venit.
1647 1798 1891 1881 placuit
1949 1820 2073 1864 non
2132 1799 2300 1862 ultra
2348 1798 2655 1862 morando
2705 1798 2771 1861 in

356 1889 702 1954 Thessalia
750 1896 1005 1972 tempus
1053 1899 1276 1968 terere,
1315 1890 1431 1953 sed
1474 1908 1733 1952 movere
1774 1889 2096 1970 extemplo
2136 1895 2349 1952 castra
2387 1896 2580 1968 atque
2622 1887 2773 1950 inde

299 1986 324 2026 3
363 1999 630 2061 pergere
687 1980 751 2043 in
803 1979 1272 2058 Macedoniam,
1331 1985 1393 2041 et
1450 1984 1810 2059 praetorem
1869 1978 2024 2041 dare
2083 1997 2361 2058 operam,
2419 1984 2487 2041 ut
2544 1976 2771 2039 eodem

292 2075 317 2115 4
360 2083 647 2151 tempore
716 2067 943 2133 classis
1011 2087 1267 2150 quoque
1334 2066 1679 2132 invehatur
1744 2066 2018 2131 hostium
2096 2065 2404 2133 litoribus.
2480 2074 2773 2149 praetore
2812 2078 2867 2121 20

360 2159 626 2223 dimisso
684 2158 908 2222 consul
968 2165 1364 2222 menstruum
1422 2160 1804 2237 frumentum
1858 2157 2035 2220 iusso
2096 2156 2296 2219 milite
2344 2176 2562 2221 secum
2609 2156 2773 2219 serre

355 2248 679 2331 profectus
747 2245 1016 2311 decumo
1083 2254 1229 2328 post
1297 2246 1420 2325 die,
1479 2266 1673 2327 quam
1730 2246 2084 2310 exercitum
2142 2252 2498 2327 acceperat,
2556 2254 2769 2308 castra
2819 2323 2825 2329 ,

295 2344 319 2382 5
358 2338 585 2418 movit;
636 2341 699 2399 et
744 2336 933 2401 unius
982 2335 1113 2400 diei
1163 2355 1539 2420 progressus
1587 2335 1707 2398 iter
1746 2335 2115 2399 convocatis
2155 2335 2453 2399 itinerum
2496 2333 2767 2399 ducibus

573 2638 618 2689 1.
648 2636 900 2702 primu*-⁸
936 2638 943 2703 Ι
977 2636 1026 2690 2.
1065 2637 1484 2704 exdignitatem.
1528 2639 1535 2703 Ι
1578 2638 1628 2689 3.
1659 2625 2176 2705 gerendisprocons.
2214 2637 2220 2702 Ι
2258 2637 2517 2689 lammam
2552 2636 2667 2688 iam
2705 2637 2768 2688 in

356 2726 435 2778 ed.
462 2726 597 2778 Bas.
628 2729 771 2777 1531
798 2726 1106 2778 indicatam
1136 2726 1346 2793 explevi
1374 2726 1693 2779 Hartelium
1732 2728 1802 2793 (p.
1848 2729 1944 2793 37)
1983 2732 2032 2777 et
2069 2725 2145 2777 H.
2187 2726 2235 2777 I.
2267 2726 2570 2778 Miillerum
2609 2726 2763 2792 (adn.

356 2814 436 2867 ed.
466 2831 526 2881 p.
581 2816 675 2880 57)
714 2819 943 2868 secutus,
991 2817 1224 2877 (summa
1271 2815 1571 2868 concordia
1618 2814 1725 2867 fuit
1773 2815 2089 2883 Wesenberg]
2127 2832 2185 2881 p.
2228 2817 2356 2878 317)
2405 2816 2413 2885 Ι
2464 2817 2515 2866 4.
2556 2820 2710 2881 aput.
2756 2815 2760 2884 ζ

357 2906 404 2955 5.
429 2904 563 2970 abit,
593 2903 764 2957 habet
791 2904 997 2956 Hartel
1027 2905 1060 2957 l.
1092 2904 1126 2955 Ζ.
1161 2903 1168 2969 1
1203 2903 1834 2974 οτΙΙευθαᾶρᾶΥΓίοἰᾱίυω,
1858 2919 1994 2956 corr.
2016 2904 2097 2956 ed.
2119 2904 2257 2955 Bas.
2286 2905 2451 2956 1531.
2485 2904 2493 2970 Ι
2527 2904 2574 2957 6.
2599 2904 2764 2957 bene-

354 3010 666 3064 ficiacedeS.
705 3009 711 3071 Ι
737 3011 784 3062 7.
816 3009 872 3062 in
901 2997 983 3076 pr.
1008 3014 1015 3080 Ι
1040 3010 1088 3061 9.
1125 3010 1222 3078 [in]
1255 3010 1409 3063 exitu
1440 3010 1711 3063 Illuretus.
1739 3008 1745 3075 Ι
1776 3010 1855 3062 10.
1878 3027 2105 3078 perque.
2132 3015 2140 3082 Ι
2169 3011 2248 3063 11.
2271 2998 2349 3077 ᾗ.
2373 3011 2483 3063 iam
2508 3015 2513 3080 Ι
2540 3010 2622 3064 13.
2655 3010 2764 3081 exst-

356 3098 710 3152 exercitibus.
746 3100 753 3161 Ι
788 3098 872 3151 14.
913 3099 1452 3167 pilippiantiocique.
1489 3106 1497 3162 Ι
1537 3100 1616 3152 15.
1657 3099 2293 3169 οοηειιὶΙΙῒαιἙίῐιεαῑηῐηει.
2329 3100 2337 3165 Ι
2374 3099 2456 3152 16.
2495 3115 2564 3154 eo
2602 3105 2674 3153 et.
2713 3116 2759 3154 c.

355 3193 678 3272 marciuspr.
714 3206 722 3273 Ι
757 3206 840 3258 17.
879 3206 1106 3260 calcide.
1159 3213 1167 3273 Ι
1202 3206 1562 3259 intessaliam.
1614 3209 1621 3273 Ι
1666 3206 1747 3260 18.
1789 3206 2552 3275 adqucindeperegreindein,
2591 3211 2761 3275 atque

355 3295 484 3349 inde
529 3309 762 3362 pergere
807 3294 864 3347 in
903 3295 1183 3364 Kreyssiy,
1220 3295 1410 3362 Hertz,
1449 3296 1665 3362 Novcik,
1704 3297 1864 3362 prob.
1914 3296 1990 3349 H.
2037 3297 2089 3349 I.
2138 3297 2350 3350 Maller
2397 3314 2528 3349 ann.
2574 3296 2758 3348 Berol.

358 3387 511 3435 1895
540 3400 600 3450 1).
646 3386 717 3434 44
763 3385 955 3451 (atque
1003 3400 1236 3452 pergere
1282 3385 1414 3439 inde
1460 3385 1520 3438 in
1569 3385 1648 3437 ed.
1694 3385 1833 3438 Bas.
1882 3390 2039 3452 1531,
2087 3385 2359 3453 DIadm'y).
2412 3388 2419 3453 Ι
2475 3386 2555 3440 19.
2605 3385 2761 3439 dare-

358 3489 525 3525 cram.
574 3474 579 3540 Ι
614 3473 698 3525 20.
737 3472 1042 3526 hostilium.
1088 3475 1095 3541 Ι
1137 3475 1222 3526 21.
1260 3473 1597 3528 frumentum
1639 3474 1768 3526 add.
1806 3474 2043 3542 Madvig
2079 3474 2203 3526 Em.
2244 3474 2309 3525 L.
2346 3491 2400 3540 p.
2447 3478 2579 3527 674.
2624 3474 2630 3541 Ι
2663 3476 2761 3527 mi·

353 3561 770 3615 litescumferre.
805 3563 813 3631 Ι
847 3563 931 3615 22.
970 3562 1254 3630 profectus
1290 3564 1484 3616 indus,
1524 3563 1759 3631 Madvig]
1798 3563 1831 3616 l.
1872 3564 1925 3630 L,
1967 3563 2179 3629 defend.
2220 3564 2436 3615 Vahlen
2472 3563 2601 3616 Ind.
2642 3564 2759 3617 lect.

355 3651 544 3705 Berol.
578 3654 747 3717 1890,
787 3651 1035 3718 perfecta
1072 3669 1132 3705 re
1172 3654 1312 3708 coni.
1351 3652 1600 3721 Seyffert,
1648 3653 1900 3719 profecto
1939 3652 2145 3705 Hartel
2185 3670 2239 3719 p.
2283 3656 2375 3720 39,
2424 3652 2759 3706 frumentum

358 3740 487 3792 olim
526 3739 843 3792 dubitanter
878 3740 954 3791 H.
991 3741 1043 3793 I.
1082 3741 1294 3793 Mulier
1333 3758 1464 3793 ann.
1494 3741 1680 3793 Berol.
1710 3745 1862 3794 1889
1879 3759 1942 3807 p.
1973 3744 2051 3793 39
2088 3740 2178 3806 (cf.
2208 3746 2406 3807 postea
2442 3741 2573 3793 ibid.
2604 3744 2761 3793 1890

348 3846 407 3895 p.
448 3832 581 3892 189,·
618 3831 768 3903 1216),
808 3830 1060 3895 protinus
1100 3836 1483 3896 temptaverant
1522 3831 1716 3897 ephem.
1755 3831 1945 3883 Austr.
1987 3833 2137 3881 1889
2164 3847 2225 3896 p.
2264 3834 2389 3882 129.
2425 3831 2432 3897 Ι
