3005 4257
351 211 391 271 4
956 220 1181 273 LIBER
1221 219 1421 273 XLIV.
1458 218 1624 273 CAP.
1663 222 1714 273 3.
1756 221 1829 288 [a.
1873 221 1937 275 U.
1975 237 2021 275 c.
2062 222 2187 289 585]

351 408 653 482 quattuor
721 401 899 464 milia
965 405 1357 463 armatorum
1425 400 1512 462 ad
1576 400 1719 462 loca
1784 407 2144 483 opportuna
2218 402 2766 484 praeoccupanda

351 493 613 576 placuit,
661 490 885 570 quibus
932 488 1283 572 praepositi
1334 494 1480 551 sunt
1530 488 1607 551 M.
1649 488 1983 567 Claudius,
2025 488 2099 565 Q.
2148 489 2430 555 Marcius
2478 492 2763 557 consulis

288 594 313 638 3
350 581 542 645 filius,
593 579 929 644 confestim
977 584 1040 642 et
1087 579 1429 642 universae
1477 577 1705 659 copiae
1755 578 2207 659 sequebantur.
2266 587 2547 644 ceterum
2597 581 2762 646 adeo

352 672 556 734 ardua
615 677 679 732 et
734 688 970 752 aspera
1028 674 1092 731 et
1147 666 1536 749 confragosa
1591 665 1714 729 fuit
1768 670 1891 747 vz'a,
1951 675 2019 732 ut
2075 668 2415 751 praemissi
2473 671 2759 753 expediti

352 760 549 824 biduo
598 758 967 840 quindecim
1017 756 1264 820 milium
1309 775 1617 840 passuum
1666 776 1860 838 aegre
1917 757 2145 820 itinere
2201 756 2494 823 confecto
2544 772 2758 824 castra

289 863 315 904 4
352 849 698 931 posuerint.
775 848 1060 925 Dictum,
1108 865 1299 925 quem
1349 864 1598 926 cepere,
1649 846 1862 908 locum
1909 847 2259 930 appellant.
2305 847 2459 912 inde
2507 855 2761 932 postero

352 938 459 1002 die
507 943 749 1022 septem
800 936 980 999 milia
1025 934 1365 1017 progressi,
1412 935 1660 998 tumulo
1707 934 1883 998 haud
1931 936 2152 1017 procul
2199 935 2479 1001 hostium
2530 939 2761 1001 castris

353 1033 561 1110 capto,
617 1026 909 1090 nuntium
968 1025 1052 1087 ad
1110 1025 1435 1087 consulem
1500 1025 1851 1105 remittunt,
1911 1033 2292 1108 perventum
2360 1026 2443 1089 ad
2513 1027 2760 1092 hostem

354 1137 522 1200 esse;
572 1116 714 1180 loco
763 1135 831 1180 se
871 1121 1006 1178 tuto
1046 1122 1109 1176 et
1148 1114 1234 1178 ad
1273 1113 1489 1175 omnia
1538 1121 1896 1195 opportuno
1946 1115 2341 1198 consedisse3
2397 1114 2512 1204 [ut]
2561 1136 2759 1197 quan-

290 1220 315 1263 5
354 1216 488 1271 tum
554 1206 904 1268 extendere
968 1205 1089 1266 iter
1153 1210 1388 1285 posset,
1455 1209 1971 1281 consequeretur.
2037 1204 2313 1268 sollicito
2381 1206 2628 1269 consuli
2697 1214 2761 1269 et

351 1302 607 1381 propter
669 1294 920 1358 itineris
985 1291 1455 1368 difficultatem,
1521 1292 1693 1371 quod
1769 1293 2098 1374 ingressus
2174 1300 2327 1373 erat,
2404 1301 2465 1358 et
2539 1314 2758 1359 eorum

353 1386 581 1460 vicem,
634 1402 793 1465 quos
840 1400 1082 1465 paucos
1126 1382 1293 1444 inter
1351 1381 1567 1443 media
1616 1380 1943 1463 praesidia
1992 1381 2270 1446 hostium
2318 1383 2761 1465 praemiserat,

290 1486 316 1529 6
353 1474 614 1538 nuntius
672 1473 754 1535 ad
811 1471 1188 1536 Ascuridem
1247 1470 1552 1552 paludem
1608 1471 1902 1534 occurrit.
1964 1471 2190 1534 addita
2245 1472 2443 1553 igitur
2509 1480 2569 1536 et
2633 1475 2761 1557 ipsi

352 1562 593 1627 fiducia
649 1570 765 1642 est,
822 1560 1310 1640 coniunctisque
1369 1558 1573 1640 copiis
1632 1568 1842 1624 castra
1899 1561 2160 1639 tumulo,
2218 1561 2326 1640 qui
2398 1563 2757 1642 tenebatur,

287 1664 314 1708 ⁷
352 1673 482 1734 qua
512 1652 915 1735 aptissimum
947 1650 1032 1714 ad
1071 1649 1196 1713 loci
1236 1656 1533 1712 naturam
1566 1658 1722 1727 erat,
1754 1656 1900 1712 sunt
1931 1650 2282 1714 adclinata.
2313 1672 2440 1715 non
2478 1652 2757 1715 hostium

354 1742 543 1806 modo
593 1749 826 1820 castra,
877 1760 1043 1821 quae
1090 1739 1284 1821 paulo
1324 1738 1468 1820 plus
1509 1739 1683 1801 mille
1724 1758 2029 1821 passuum
2069 1741 2355 1818 aberant,
2395 1741 2510 1803 sed
2550 1742 2758 1806 omnis

352 1832 530 1914 regio
578 1831 662 1894 ad
703 1830 897 1894 Dium
946 1836 1009 1892 et
1048 1829 1301 1892 Philam
1345 1847 1584 1908 oraque
1626 1828 1820 1891 maris
1861 1829 1990 1891 late
2029 1836 2293 1910 patente
2334 1850 2413 1892 ex
2452 1836 2585 1893 tam
2626 1830 2761 1894 alto

292 1931 317 1975 8
354 1922 508 2004 iugo
555 1929 895 2004 prospectu
943 1917 1144 1982 oculis
1194 1916 1523 1981 subicitur.
1573 1936 1738 1997 quae
1778 1937 1879 1980 res
1919 1917 2216 1982 accendit
2257 1918 2441 1981 militi
2491 1919 2761 1999 animOS,

358 2017 698 2092 postquam
738 2029 1053 2073 summam
1092 2007 1247 2071 belli
1284 2027 1354 2069 ac
1394 2006 1613 2087 regias
1653 2008 1861 2070 omnis
1901 2007 2119 2089 copias
2158 2015 2526 2088 terramque
2563 2008 2761 2072 hosti-

355 2241 546 2295 lobum
576 2241 830 2292 Bursian
866 2238 1218 2304 (Octolopum
1259 2239 1337 2292 ecl.
1368 2239 1505 2291 Bas.
1538 2241 1698 2304 1531,
1730 2238 2098 2306 Octolophum
2127 2239 2402 2306 SigoniuS,
2443 2239 2764 2309 Wesenberg

350 2347 411 2396 Ρ.
452 2333 578 2396 317,
617 2327 1019 2393 Ortholophum
1058 2327 1357 2395 Kreyssiq).
1404 2330 1408 2393 Ι
1452 2327 2383 2397 ᾶιιχί,μηυετθςίεαειεςῒῐᾶρῑᾶθωίτῒί,
2422 2329 2536 2381 dux
2572 2328 2766 2397 regius

361 2416 880 2484 castra<habebat>.
929 2416 1211 2482 praemitti
1258 2417 1463 2468 Hartel
1490 2433 1551 2483 Ρ.
1598 2419 1714 2467 41³²
1764 2418 2026 2483 (diximus
2073 2418 2223 2485 regis
2261 2423 2447 2471 castra
2481 2417 2767 2484 <Philippi

361 2523 584 2590 fuisse).
626 2522 909 2589 praemitti
941 2521 1201 2590 Szssyonius
1241 2529 1299 2574 at
1336 2539 1383 2573 v.
1414 2522 1563 2574 Dede.
1597 2540 1684 2588 ap.
1714 2523 2263 2591 Drakenborchium).
2301 2524 2309 2590 Ι
2346 2526 2392 2577 1.
2423 2512 2555 2577 ITIT.
2586 2541 2770 2577 arma-

360 2617 558 2666 torum.
595 2612 601 2677 Ι
636 2612 683 2662 2.
722 2611 1163 2679 quipraeffpositi.
1203 2611 1409 2679 quibus
1449 2612 1757 2678 praepositi
1797 2611 2116 2678 Wesenberg]
2144 2630 2202 2679 Ρ.
2237 2617 2364 2679 318,
2396 2613 2594 2665 Novcilc
2622 2613 2780 2665 &eske'

360 2718 495 2754 πτας.
524 2701 612 2767 fil.
664 2700 713 2751 V
737 2718 795 2767 Ρ.
838 2703 960 2752 290
998 2716 1063 2752 coe
1100 2718 1205 2752 usu
1244 2700 1385 2766 Liu,
1425 2700 1552 2767 quis
1591 2718 1644 2766 p.
1684 2701 1764 2752 ed.
1803 2702 1938 2753 Bag.
1979 2705 2140 2753 1531.
2203 2703 2210 2769 Ι
2258 2704 2390 2769 <et>
2426 2701 2487 2763 Q.
2530 2702 2771 2755 Marcius

371 2790 701 2857 Wesenbery.
737 2790 744 2857 Ι
779 2791 826 2842 3.
857 2788 1045 2844 ardeo,
1082 2793 1088 2855 1
1122 2792 1171 2840 4.
1203 2790 1295 2843 via
1327 2790 1373 2840 h.
1401 2789 1434 2840 l.
1469 2788 1598 2840 add.
1621 2789 1695 2840 H.
1724 2789 1768 2840 I.
1799 2789 2015 2841 Milller
2044 2806 2175 2842 amn.
2206 2791 2389 2842 Berol.
2420 2792 2574 2842 1892
2591 2806 2652 2856 Ρ.
2684 2793 2773 2856 21,

363 2880 432 2945 cf.
473 2880 636 2931 etiam
698 2878 864 2931 Hertz
910 2880 1093 2946 praef.
1141 2879 1221 2931 ed.
1266 2896 1320 2945 Ρ.
1370 2878 1592 2930 XXXI
1626 2885 1777 2939 (ante
1821 2876 1930 2931 fuit
1971 2879 2050 2932 cd.
2091 2879 2227 2931 Bas.
2268 2881 2450 2945 1531).
2500 2880 2506 2946 l
2559 2881 2608 2931 5.
2648 2895 2773 2945 pas-

362 2985 633 3037 sumegre.
670 2969 677 3034 Ι
712 2969 761 3020 6.
782 2968 1744 3035 po'suerintfucrimquedierumque,
1775 2968 2078 3033 posuerint.
2101 2968 2347 3034 Dierum,
2377 2984 2543 3036 quem
2572 2967 2775 3022 Novak

353 3074 413 3123 p.
454 3061 561 3108 215
600 3057 927 3125 (fuerimque
967 3075 1031 3108 ωε
1070 3057 1445 3124 dittoyraphia
1484 3057 1700 3122 ortum),
1741 3057 2029 3122 posuerint
2069 3057 2492 3124 munierintque.
2524 3056 2772 3124 Dierum,

364 3161 527 3214 quem
584 3147 714 3197 olim
767 3146 1166 3212 Weissenborn,
1224 3147 1292 3209 cf.
1349 3145 1670 3196 Hartelium
1721 3161 1781 3210 Ρ.
1841 3148 1920 3210 41,
1979 3146 2269 3211 posuerint
2324 3144 2772 3213 quieverintque.

362 3235 608 3301 Dierum,
646 3251 809 3303 quem
851 3235 1099 3302 Madvig),
1148 3234 1434 3301 posuerint
1484 3233 1992 3302 requieverintque.
2043 3234 2289 3302 Dierum,
2337 3250 2501 3302 quem
2561 3234 2775 3287 Vahlen

364 3324 558 3390 ephem.
590 3324 778 3376 Austr.
819 3328 961 3375 1861
992 3341 1048 3389 Ρ.
1088 3331 1135 3388 (i,
1169 3324 1343 3375 Acad.
1373 3324 1560 3375 Berol.
1600 3325 1743 3373 1891
1781 3322 1903 3390 (49)
1933 3341 1990 3389 Ρ.
2023 3326 2167 3374 1013
2206 3324 2540 3389 (posuerintz
2579 3323 2774 3376 turrim

363 3412 623 3479 Eudieru,
654 3429 818 3481 quem
849 3413 928 3465 ed.
960 3415 1097 3467 Bas.
1130 3416 1313 3479 1531).
1368 3414 1375 3478 Ι
1418 3412 1789 3478 appellantur.
1843 3413 1848 3476 Ι
1903 3414 1949 3464 7.
1993 3413 2116 3464 VII.
2157 3410 2454 3480 progressi.
2507 3412 2516 3478 1
2568 3413 2616 3474 8,.
2646 3428 2774 3466 con-

365 3502 884 3555 sulemaremittunt.
948 3502 954 3566 1
1016 3503 1063 3553 9.
1104 3506 1165 3553 ut
1204 3502 1399 3554 melus.
1440 3500 1517 3552 H.
1559 3500 1607 3551 I.
1650 3501 1860 3552 Dffviller
1900 3517 2030 3552 ann.
2070 3501 2254 3552 Berol.
2293 3503 2449 3552 1889
2477 3518 2535 3567 Ρ.
2582 3504 2673 3569 39,
2716 3510 2774 3555 at

362 3606 507 3656 susp.
547 3590 749 3642 Παντεῖ
776 3607 834 3656 Ρ.
880 3593 972 3654 42,
1021 3590 1116 3643 ille
1155 3589 1398 3657 Fityner.
1462 3591 1468 3654 1
1533 3589 1613 3641 12.
1664 3589 2277 3655 hostiumpracsiderat,
2328 3605 2462 3641 corr.
2514 3589 2593 3642 ed.
2634 3590 2772 3644 Bac.

362 3682 519 3744 1531,
562 3681 628 3745 cf.
682 3679 893 3731 Vahlen
931 3679 1127 3745 ephe-m.
1168 3679 1360 3730 Austr.
1403 3682 1547 3730 1861
1574 3695 1633 3744 Ρ.
1681 3681 1730 3731 6.
1774 3679 1780 3746 ἰ
1825 3680 1907 3730 13.
1949 3678 2279 3748 ascyridem.
2323 3679 2330 3745 Ι
2377 3679 2456 3732 14.
2498 3678 2776 3748 coniuncll-

362 3766 585 3834 tiisque.
622 3769 628 3834 Ι
665 3768 903 3820 tebatur.
940 3770 945 3834 Ι
986 3768 1065 3819 16.
1104 3768 1401 3835 quepaulo.
1439 3769 1445 3834 Ι
1483 3768 1564 3820 17,
1605 3767 2075 3833 addiemetpilam.
2112 3770 2118 3834 1
2154 3784 2413 3835 oraquae.
2451 3769 2458 3834 Ι
2492 3771 2770 3840 petente}

367 3855 448 3907 18.
489 3856 786 3924 subigitur.
823 3861 829 3924 Ι
867 3856 1656 3930 19.,ροεῖᾳιιειῐηιίιῖῥειιηηῃειιη
1693 3857 1699 3924 Ι
1734 3856 2183 3924 belliaegrcgiaS.
2218 3858 2226 3924 Ι

2801 1215 2857 1258 10

2801 1659 2857 1701 15
