3005 4257
388 204 472 267 46
953 217 1181 271 LIBER
1219 217 1423 271 XLIV.
1463 218 1630 271 CAP.
1670 219 1755 270 31.
1797 219 1866 287 [a.
1906 218 1971 271 U.
2010 233 2057 270 c.
2096 217 2220 285 586]

323 427 346 466 1
599 397 846 462 XXXI.
896 396 1223 479 Deinceps
1290 404 1352 459 et
1421 397 1609 460 urbes
1673 395 1955 478 regionis
2011 395 2147 459 eius
2211 395 2383 459 idem
2448 393 2805 475 faciebant,

384 487 735 552 adiuvante
782 486 1269 549 inclinationem
1327 485 1685 550 animorum
1744 485 2086 549 clementia
2131 487 2205 548 in
2250 484 2457 548 omnis
2505 491 2570 548 et
2616 484 2803 549 iusti-

318 604 344 645 2
383 577 473 640 tia
521 575 835 658 praetoris
883 574 1172 639 Romani.
1231 575 1314 637 ad
1363 573 1670 638 Scodram
1719 574 1869 638 inde
1927 581 2189 638 ventum
2237 580 2363 652 est,
2412 573 2581 655 quod
2637 575 2801 638 belli

383 672 575 748 caput
623 670 779 745 erat,
825 685 954 728 non
1003 682 1077 728 eo
1127 664 1347 743 solum,
1404 663 1578 745 quod
1626 663 1895 729 Gentius
1943 683 2087 727 eam
2136 663 2260 729 sibi
2309 670 2567 746 ceperat
2616 664 2801 727 velut

383 756 565 837 regni
603 754 797 818 totius
834 773 1066 833 arcem,
1106 754 1219 818 sed
1250 752 1446 816 etiam
1487 753 1656 834 quod
1686 753 2068 817 Labeatium
2098 753 2317 834 gentis
2357 752 2800 816 munitissima
2867 775 2891 818 5

321 870 346 912 3
384 845 578 928 longe
627 852 724 907 est
780 849 843 906 et
892 842 1175 907 difficilis
1225 843 1423 906 aditu.
1483 841 1608 905 duo
1666 843 1931 924 cingunt
1986 860 2130 904 eam
2187 840 2468 919 flumina,
2527 842 2798 919 Clausal

386 956 425 998 a
462 935 666 997 latere
713 933 906 1010 urbiS,
953 932 1124 1012 quod
1173 932 1242 994 in
1291 931 1599 995 orientem
1648 937 1843 1013 patet,
1891 929 2270 1013 praefluens,
2310 932 2660 996 Barbanna
2710 932 2797 995 ab

320 1048 345 1088 4
384 1024 644 1106 regione
702 1021 1073 1100 occidentiS,
1130 1040 1211 1083 ex
1259 1019 1621 1083 Labeatide
1668 1021 1909 1103 palude
1966 1020 2195 1083 oriens.
2260 1019 2327 1082 hi
2384 1020 2508 1083 duo
2567 1041 2796 1085 amnes

384 1111 779 1176 confluentes
853 1109 1147 1174 incidunt
1219 1109 1490 1175 Oriundi
1569 1108 1838 1191 flumini,
1915 1108 2087 1190 quod
2155 1115 2363 1172 ortum
2431 1129 2509 1172 ex
2580 1117 2796 1173 monte

385 1200 648 1280 ScordO,
705 1200 921 1263 multis
972 1208 1033 1262 et
1081 1198 1226 1261 aliis
1284 1205 1544 1262 auctum
1592 1199 1795 1279 aquis,
1853 1199 2014 1261 mari
2067 1198 2445 1262 Hadriatico
2504 1197 2795 1262 infertur.
2837 1217 2887 1259 10

323 1318 348 1359 5
388 1310 569 1354 mons
607 1289 902 1369 ScorduS,
948 1289 1142 1370 longe
1190 1287 1542 1352 altissimus
1591 1286 1873 1369 regionis
1909 1290 2069 1368 eius,
2120 1289 2203 1351 ab
2253 1287 2496 1350 oriente
2545 1288 2797 1351 Darda-

387 1380 559 1442 niam
608 1378 964 1442 subiectam
1013 1377 1225 1456 habet,
1272 1398 1311 1441 a
1350 1376 1619 1440 meridie
1660 1377 2122 1454 Macedoniam,
2169 1377 2252 1439 ab
2304 1396 2539 1441 occasu
2586 1377 2797 1460 Illyri-

323 1494 348 1536 6
389 1489 550 1532 cum.
603 1487 992 1548 quamquam
1051 1466 1363 1530 munitum
1412 1467 1539 1530 situ
1586 1467 1863 1530 naturali
1924 1466 2233 1550 oppidum
2299 1472 2437 1528 erat
2502 1486 2795 1547 gensque

385 1558 453 1620 id
501 1565 634 1621 tota
671 1556 1037 1640 Illyriorum
1078 1565 1141 1618 et
1187 1575 1301 1619 rex
1339 1555 1478 1637 ipse
1518 1557 1835 1634 tuebatur,
1884 1562 2098 1619 tamen
2146 1561 2404 1636 praetor
2450 1557 2797 1635 Romanus,

388 1646 540 1728 quia
586 1646 792 1728 prima
840 1652 1285 1710 successerant
1332 1663 1655 1726 prospere,
1709 1644 2032 1709 fortunam
2092 1645 2289 1708 totius
2336 1643 2428 1707 rei
2474 1644 2796 1728 principia
2835 1660 2885 1702 15

388 1742 752 1800 secuturam
788 1755 932 1799 esse
971 1740 1149 1798 ratus
1188 1740 1250 1797 et
1288 1735 1692 1818 repentinum
1734 1735 2077 1798 valiturum
2115 1741 2443 1813 terrorem,
2483 1738 2796 1798 instructo

324 1850 350 1893 7
388 1825 673 1889 exercitu
747 1824 832 1888 ad
908 1824 1163 1887 moenia
1236 1823 1543 1887 succedit.
1619 1824 1791 1903 quod
1864 1823 1918 1887 si
1986 1823 2225 1887 clausis
2297 1823 2501 1904 portis
2578 1843 2797 1888 muros

388 1921 841 1996 portarumque
916 1914 1108 1976 turris
1183 1911 1476 1993 dispositi
1553 1913 1781 1976 armati
1861 1911 2322 1991 defendissent,
2405 1932 2573 1975 vano
2649 1933 2797 1976 cum

324 2029 350 2071 s
387 2005 642 2087 incepto
718 2003 1052 2066 moenibus
1130 2001 1529 2084 pepulissent
1605 2003 1955 2065 Romanos:
2042 2021 2210 2065 nunc
2284 2008 2472 2084 porta
2549 2004 2796 2084 egressi

386 2093 698 2176 proelium
754 2093 896 2156 loco
951 2111 1156 2172 aequo
1225 2089 1465 2155 maiore
1534 2091 1748 2154 animo
1817 2091 2272 2157 commiserunt
2349 2111 2543 2172 quam
2608 2093 2796 2157 susti·
2836 2104 2887 2147 20

323 2208 350 2250 9
388 2190 676 2247 nuerunt.
723 2182 895 2264 pulsi
943 2182 1113 2244 enim
1162 2187 1225 2243 et
1272 2179 1427 2263 fuga
1476 2181 1862 2262 conglobati,
1912 2201 2057 2245 cum
2106 2181 2364 2245 ducenti
2406 2182 2681 2265 amplius
2731 2182 2797 2245 in

386 2431 594 2497 scripta
639 2434 757 2482 erat
802 2428 1059 2481 narratio
1109 2427 1403 2479 lemborum
1453 2428 1523 2479 ab
1572 2428 1773 2480 Anicio
1820 2430 2086 2481 victorum
2143 2434 2192 2481 et
2236 2445 2418 2481 rerum
2476 2434 2624 2481 terra
2685 2429 2801 2497 qeri

386 2524 699 2585 coeptarum
739 2518 990 2586 (Appian
1023 2516 1066 2568 I
1069 2517 1190 2584 ΠΨ.
1248 2532 1290 2568 c.
1344 2516 1427 2584 9),·
1491 2515 1729 2569 Creverii
1774 2518 2202 2585 supplementum
2246 2517 2355 2571 vid.
2406 2534 2493 2584 aq).
2540 2516 2799 2571 Draken-

388 2607 568 2660 borch.
607 2637 672 2644 —
711 2606 798 2658 De
835 2604 951 2658 cod.
991 2604 1445 2671 quaternionibus
1484 2605 1554 2671 cf.
1598 2605 1891 2659 Gitlbauer
1919 2623 1981 2673 p.
2011 2609 2091 2658 23
2127 2623 2237 2674 sqq.
2271 2608 2279 2673 Ι
2314 2608 2363 2658 2.
2401 2605 2796 2667 inclinatione.l

386 2695 442 2748 in
484 2695 614 2747 add.
652 2694 732 2747 ed.
771 2696 910 2746 Bas.
948 2696 1104 2746 1531.
1139 2695 1145 2757 Ι
1180 2694 1230 2746 3.
1270 2694 1581 2747 scondram.
1617 2696 1624 2762 Ι
1659 2695 1901 2763 adquod,
1940 2696 2092 2763 quod
2121 2695 2401 2763 Kreyssiq,
2440 2694 2497 2748 id
2534 2695 2686 2763 quod
2717 2695 2799 2748 ed.

384 2785 522 2837 Bas.
559 2787 716 2836 1531.
752 2783 759 2850 Ι
792 2785 843 2836 4.
879 2786 1228 2850 capotuerat,
1267 2788 1439 2850 caput
1477 2787 1599 2837 erat
1637 2784 2048 2851 Drakenborch,
2097 2789 2268 2852 caput
2316 2784 2503 2838 fuerat
2539 2784 2620 2836 ed.
2659 2785 2799 2837 Bas,

384 2876 542 2926 1531.
576 2875 583 2941 Ι
619 2874 850 2928 centius
885 2875 892 2941 Ι
926 2868 1225 2943 coepessrat.
1262 2871 1269 2938 Ι
1312 2873 1361 2925 5.
1401 2870 1590 2942 etissum
1626 2890 1799 2939 snpra
1835 2874 2035 2941 scripto
2075 2891 2125 2926 a.
2168 2875 2176 2941 Ι
2217 2874 2386 2942 longe
2425 2873 2801 2928 munitissima

384 2961 647 3030 Kreyssiq
684 2962 1075 3031 (munitissima
1112 2961 1280 3029 longe
1317 2961 1528 3028 <urbs>
1572 2962 1930 3028 Wesenberq).
1974 2965 1980 3030 Ι
2023 2962 2073 3015 6.
2111 2962 2351 3016 cincunt.
2386 2965 2393 3029 Ι
2427 2979 2509 3017 ea.
2544 2966 2551 3029 Ι
2585 2961 2801 3016 clausa-

381 3050 630 3117 lalatere,
671 3051 897 3104 Clausal
934 3068 967 3103 a
1006 3051 1184 3105 latere
1221 3050 1456 3118 IlIadviq
1483 3050 1609 3103 Em.
1641 3052 1707 3103 L.
1738 3068 1798 3117 p.
1836 3054 1942 3103 701
1980 3052 2069 3117 (cf.
2109 3051 2440 3104 Tomaschek
2470 3065 2558 3119 ap.
2589 3052 2799 3121 Pauly-

395 3139 662 3192 Wissowa
700 3140 777 3190 II
799 3157 860 3206 p.
901 3141 1106 3209 2855),
1145 3139 1407 3194 Clausala
1445 3140 1622 3194 latere
1662 3141 1744 3193 ed.
1782 3142 1920 3192 Bas,
1958 3144 2117 3194 1531.
2152 3143 2159 3208 1
2201 3141 2251 3193 8.
2288 3141 2621 3208 laboetisde,
2662 3158 2798 3194 corr.

385 3228 467 3280 ed.
505 3229 642 3281 Bas.
680 3230 838 3281 1531.
881 3228 1227 3293 (Labeatidis
1267 3230 1407 3282 coni.
1455 3228 1842 3281 Weissenborn
1879 3230 1942 3281 in
1967 3231 2154 3296 praef.
2195 3230 2274 3282 ed.
2321 3230 2563 3296 Teabn.).
2609 3231 2615 3297 Ι
2667 3230 2795 3296 11ἰί.Ι

386 3317 470 3369 10.
527 3317 726 3370 scodra
786 3315 1018 3385 (Scodro
1077 3318 1158 3370 ed.
1215 3319 1351 3371 Bas.
1400 3322 1589 3386 1531),
1643 3317 1853 3372 Scordo
1901 3319 2299 3372 Drakenborch
2347 3318 2500 3389 (num
2549 3318 2799 3372 Scardo‘?

384 3405 591 3474 Hertz).
626 3408 633 3472 Ι
670 3406 753 3457 11.
794 3403 1061 3476 scolldrUS,
1101 3423 1239 3460 corr.
1279 3407 1693 3461 Drakenborch.
1737 3411 1743 3474 Ι
1788 3408 2091 3461 altissimis
2139 3412 2145 3472 Ι
2188 3406 2464 3480 eiuslleius.
2500 3408 2508 3475 Ι
2542 3408 2800 3461 dardani-

384 3510 521 3546 cam.
571 3495 579 3562 Ι
634 3495 717 3547 12.
757 3492 1136 3566 subsseiectam.
1189 3497 1195 3563 Ι
1252 3497 1333 3549 13.
1371 3497 1568 3563 narali,
1609 3496 1855 3550 naturali
1893 3497 1975 3549 ed.
2013 3497 2150 3549 Bas.
2191 3500 2351 3564 1531,
2392 3498 2463 3565 cf.
2508 3496 2802 3550 Gitlbauer

374 3600 436 3649 p.
464 3584 572 3664 ⁵68.
607 3583 614 3650 Ι
648 3584 1110 3652 gensquaeidota.
1145 3586 1152 3650 1
1189 3585 1273 3637 16.
1311 3590 1670 3639 secuturaese
1702 3587 1873 3638 altero
1904 3602 1930 3639 s
1958 3602 2132 3653 supra
2158 3587 2377 3653 scripto.
2412 3588 2419 3654 Ι
2458 3587 2540 3638 17.
2568 3584 2795 3654 portus!

390 3671 470 3725 18.
516 3671 999 3740 dispositaarmati
1049 3673 1361 3743 (dispositis
1410 3674 1642 3729 armatis
1692 3674 1775 3727 ed.
1815 3675 1953 3727 Bas,
2001 3675 2180 3741 1531),
2230 3691 2367 3728 corr.
2406 3675 2640 3743 Madvig]
2674 3675 2799 3728 Em.

385 3760 453 3812 L.
472 3777 533 3827 p.
570 3764 697 3830 701,
727 3761 912 3814 Hertz.
949 3763 955 3829 Ι
996 3764 1075 3815 19.
1107 3762 1462 3830 pepulissem.
1498 3764 1507 3831 Ι
1541 3764 1627 3816 20.
1664 3763 1806 3817 loca.
1842 3766 1850 3833 Ι
1884 3762 2797 3833 animoquallcommiseruntquam.l

385 3849 470 3901 21.
509 3850 753 3918 insipsis.
789 3854 794 3919 Ι
