3005 4257
371 209 455 272 36
934 223 1165 276 LIBER
1203 223 1403 277 XLIV.
1446 222 1612 277 CAP.
1652 224 1737 275 25.
1782 223 1854 291 [a.
1896 223 1958 277 U.
1999 239 2045 275 ο.
2086 223 2212 291 586]

369 422 480 468 eos
534 402 912 467 inimicitiae
969 409 1167 481 erant,
1233 421 1426 483 quam
1482 402 1765 484 ipsorum
1831 400 2000 466 odiis
2063 402 2230 464 inter
2294 420 2363 465 se
2429 420 2774 467 accensae:

371 514 498 557 non
547 513 624 557 ea
671 512 895 575 regum
944 491 1305 572 aemulatiO,
1362 497 1430 554 ut
1478 510 1684 571 aequo
1742 490 1958 555 animo
2005 491 2244 556 Persea
2299 497 2516 557 tantas
2572 491 2778 572 apisci

370 601 525 664 opes
580 589 956 663 tantamque
1011 580 1300 664 gloriam,
1358 587 1602 661 quanta
1646 581 1955 644 Romanis
2004 580 2195 644 victis
2253 599 2398 644 eum
2457 582 2777 660 manebat,

371 672 690 735 Eumenes
746 671 1000 735 visurus
1055 669 1264 733 fuerit.
1324 669 1626 734 cernebat
1667 678 1730 733 et
1777 670 2015 733 Persea
2068 670 2198 732 iam
2243 670 2397 732 inde
2454 671 2537 735 ab
2593 669 2777 733 initio

372 760 523 824 belli
570 760 743 825 omni
799 759 986 823 modo
1044 779 1224 841 spem
1281 759 1461 842 pacis
1520 764 1873 840 temptasse
1930 766 1993 822 et
2046 758 2112 821 in
2174 757 2313 823 dies
2372 759 2596 840 magis,
2651 778 2778 839 quo

370 849 629 933 propior
705 850 1154 914 admoveretur
1227 853 1442 927 terror,
1526 846 1685 910 nihil
1761 866 1968 928 neque
2042 867 2238 930 agere
2314 848 2491 912 aliud
2566 867 2777 929 neque

372 940 681 1021 cogitare3
729 940 1055 1002 Romanos
1105 956 1379 1018 quoque,
1437 937 1591 1017 quia
1638 936 1999 1001 traheretur
2047 937 2287 1002 diutius
2335 956 2450 1022 spe
2494 936 2777 1021 ipsorum

370 1029 631 1103 bellum,
701 1035 762 1091 et
825 1028 1000 1110 ipsos
1069 1027 1265 1090 duces
1333 1034 1396 1090 et
1461 1034 1773 1104 senatum,
1833 1047 1958 1090 non
2016 1027 2362 1090 abhorrere
2410 1048 2450 1090 a
2495 1025 2778 1090 finiendo

372 1124 506 1180 tam
554 1116 960 1182 incommodo
1008 1136 1085 1180 ac
1133 1114 1385 1179 difficili
1432 1115 1622 1180 bello.
1672 1115 1795 1178 hac
1835 1115 2167 1196 utriusque
2203 1116 2407 1198 partis
2447 1115 2778 1180 voluntate

372 1206 728 1288 explorata,
785 1205 957 1286 quod
1012 1204 1149 1268 fieri
1207 1206 1400 1267 etiam
1461 1223 1579 1268 sua
1635 1210 1863 1286 sponte
1919 1205 2133 1268 taedio
2189 1204 2547 1286 validioris,
2604 1216 2778 1268 metu

372 1295 736 1359 infirmioris
786 1295 1090 1359 credebat
1136 1313 1344 1377 posse,
1401 1293 1466 1356 in
1517 1315 1591 1358 eo
1643 1312 1824 1357 suam
1877 1313 2139 1376 operam
2190 1294 2522 1358 venditare
2570 1294 2778 1359 conci·

370 1385 633 1449 liandae
670 1383 886 1466 gratia
922 1383 1104 1465 pacis
1145 1383 1362 1466 cupiit.
1411 1403 1561 1447 nam
1601 1382 1788 1446 modo
1838 1403 1917 1446 ne
1956 1383 2207 1448 iuvaret
2246 1383 2415 1447 bello
2453 1384 2780 1448 Romanos

371 1483 542 1539 terra
581 1473 888 1554 marique,
941 1472 1128 1536 modo
1167 1471 1349 1554 pacis
1388 1471 1748 1554 patrandae
1796 1491 1938 1535 cum
1982 1473 2288 1537 Romanis
2326 1472 2779 1555 paciscebatur

373 1562 760 1645 mercedem3
807 1582 888 1625 ne
937 1561 1110 1626 bello
1157 1561 1514 1640 interesset,
1573 1561 1748 1624 mille
1795 1561 2049 1637 talenta,
2108 1568 2177 1625 ut
2216 1582 2433 1641 pacem
2474 1567 2780 1642 patraret,

374 1652 546 1714 mille
602 1659 664 1715 et
731 1651 1087 1733 quingenta
1152 1652 1413 1714 talenta.
1479 1650 1547 1714 in
1602 1657 1941 1730 utrumque
2008 1671 2133 1714 non
2198 1651 2389 1715 fidem
2448 1650 2634 1715 modo
2691 1671 2779 1732 se,

308 1763 334 1805 s
375 1740 490 1806 sed
538 1740 797 1805 obsides
845 1759 1099 1821 quoque
1149 1740 1303 1804 dare
1359 1746 1658 1822 paratum
1716 1759 1859 1803 esse
1907 1740 2306 1805 ostendebat.
2365 1742 2635 1805 Perseus
2693 1740 2778 1804 ad

371 1851 502 1894 rem
551 1830 984 1893 inchoandam
1040 1829 1560 1912 promptissimus
1620 1836 1756 1892 erat
1814 1836 2085 1910 cogente
2142 1837 2314 1893 metu
2364 1835 2425 1893 et
2482 1829 2562 1893 de
2609 1830 2777 1893 obsi-

371 1920 560 1984 dibus
599 1918 997 2003 accipiendis
1027 1919 1166 1983 sine
1197 1917 1507 1982 dilatione
1545 1919 1802 1999 agebat,
1842 1926 2379 2002 conveneratque,
2418 1927 2488 1984 ut
2525 1918 2777 2001 accepti

307 2029 319 2052 ¹
372 2010 630 2074 Cretam
690 2010 1104 2072 mitterentur.
1159 2006 1270 2071 ubi
1328 2008 1411 2071 ad
1469 2008 1783 2088 pecuniae
1847 2008 2236 2071 mentionem
2303 2015 2562 2072 ventum
2620 2016 2779 2089 erat,

372 2098 463 2162 ibi
530 2096 928 2182 haesitabat3
1002 2104 1065 2161 et
1130 2097 1352 2179 utique
1423 2097 1690 2160 alteram
1762 2095 1877 2184 [in]
1948 2100 2107 2161 tanti
2176 2097 2453 2162 nominis
2516 2098 2778 2180 regibus

370 2194 621 2270 turpem
689 2208 765 2251 ac
833 2187 1161 2252 sordidam
1229 2192 1292 2251 et
1360 2186 1542 2249 danti
1608 2195 1670 2250 et
1735 2187 1942 2269 magis
2010 2187 2352 2270 accipienti
2415 2187 2779 2251 mercedem

371 2540 481 2577 non
531 2527 749 2577 tantum
794 2523 930 2590 quia
964 2523 1199 2590 BIadviq
1233 2523 1358 2575 Em.
1398 2522 1466 2575 L.
1506 2540 1567 2590 p.
1612 2525 1743 2591 693,
1783 2523 2019 2576 Harant
2055 2541 2116 2591 p.
2158 2527 2293 2591 273,
2342 2540 2451 2578 non
2488 2529 2602 2579 tam
2641 2525 2782 2593 quia

370 2612 608 2679 Madvig]
652 2612 715 2663 in
761 2611 858 2678 ed„
907 2611 1392 2665 Weissenborn-H.
1442 2612 1490 2663 I.
1532 2612 1756 2665 Milller.
1818 2614 1825 2680 1
1888 2613 1934 2665 1.
1984 2614 2577 2681 erantquamipsorum,
2616 2619 2785 2668 erant

371 2718 539 2769 quam
577 2702 822 2767 ipsorum
852 2701 1072 2768 Hartel,
1101 2704 1276 2768 erant,
1316 2702 1562 2767 ipsorum
1591 2701 1839 2770 Madviq,
1880 2708 2055 2770 erant,
2086 2703 2254 2756 etiam
2293 2703 2539 2769 ipsorum
2567 2704 2780 2773 Duker,

371 2791 447 2845 H.
486 2792 537 2843 I.
566 2790 790 2857 Miiller,
820 2790 1071 2857 Harant,
1110 2793 1270 2844 erant
1307 2807 1519 2858 eaeque
1560 2791 1805 2858 ipsorum
1834 2807 1979 2858 susp.
2021 2792 2405 2845 Weissenborn
2435 2792 2606 2862 (Alia,
2637 2809 2785 2859 quae

370 2881 583 2934 nullius
617 2881 749 2933 iam.
769 2880 1026 2933 momenti
1061 2886 1206 2947 sum,
1234 2879 1355 2932 vide
1386 2896 1474 2947 ap.
1505 2880 1792 2933 Her-telum
1820 2882 1881 2932 in
1912 2881 2045 2933 adn.
2077 2883 2196 2940 crit.
2224 2899 2284 2948 p.
2320 2886 2433 2949 47).
2469 2883 2476 2950 Ι
2510 2883 2558 2935 3.
2588 2882 2782 2937 uictis-

372 2968 1025 3040 eumenebateumellnest.
1061 2969 1068 3034 l
1102 2970 1150 3021 4.
1182 2970 1516 3036 <ceterum>
1548 2969 1811 3023 cernebat
1840 2972 1981 3023 coni.
2011 2970 2245 3039 Madviy
2269 2971 2394 3023 Em.
2423 2970 2493 3023 L.
2512 2988 2573 3039 p.
2608 2974 2741 3024 693.
2768 2968 2779 3035 Ι

374 3074 547 3126 perse.
600 3059 608 3126 Ι
658 3058 881 3112 indiem.
943 3061 949 3122 Ι
1010 3059 1057 3111 6.
1100 3057 1705 3125 proprioradmouetur,
1746 3059 1815 3125 cf.
1861 3058 2153 3112 Gitlbauer
2178 3076 2237 3127 p.
2285 3063 2374 3114 68.
2437 3062 2444 3128 Ι
2505 3061 2552 3113 ’7.
2592 3061 2730 3127 spei.
2770 3061 2779 3129 Ι

374 3148 456 3199 11.
486 3147 790 3202 uenditore.
827 3149 834 3215 Ι
867 3147 1734 3219 concilillandamgratiammagis,
1764 3148 2148 3202 conciliandae
2177 3150 2362 3216 gratia
2389 3149 2545 3217 pacis
2572 3148 2788 3203 Hartel

373 3236 567 3303 ephem.
609 3237 798 3289 Austr.
836 3240 991 3290 1866
1016 3254 1077 3304 p.
1116 3240 1187 3289 15
1226 3237 1290 3289 cl.
1331 3236 1733 3304 XXXXIIII,
1773 3241 1862 3303 14,
1908 3241 1968 3303 7,·
2005 3236 2246 3304 XXIII,
2285 3242 2363 3303 11,
2410 3242 2444 3290 7
2477 3240 2613 3300 sim„
2650 3253 2783 3291 con-

372 3325 617 3378 cilianda
653 3323 839 3393 gratia
877 3326 1058 3393 magis
1097 3325 1176 3378 ed.
1217 3326 1354 3378 Bas,
1394 3328 1557 3392 1531,
1606 3326 1958 3379 concilianda
2007 3326 2193 3394 gratia,
2231 3326 2421 3393 magni
2461 3326 2788 3380 dubitanter

371 3413 606 3481 Madvi9
640 3414 704 3465 in
742 3414 873 3465 adn.
914 3413 992 3465 ed.
1022 3431 1083 3480 p.
1122 3418 1248 3481 177,
1281 3415 1446 3481 <ad>
1479 3415 1884 3468 conciliandam
1923 3416 2168 3484 gratiam
2207 3417 2329 3481 (om.
2368 3415 2568 3484 magis)
2613 3415 2786 3469 Cobet

371 3502 639 3555 Mnem03.
686 3505 834 3555 1881
868 3519 928 3569 p.
982 3505 1112 3555 432.
1183 3504 1190 3571 Ι
1262 3504 1343 3556 12.
1393 3504 1563 3571 cupit,
1611 3504 1788 3570 cupiit
1835 3504 1913 3556 ed.
1954 3505 2090 3557 Bas.
2131 3506 2273 3556 1531
2311 3512 2361 3558 et
2396 3521 2554 3571 seqq„
2592 3506 2788 3572 coepit

2814 1221 2866 1264 10

2815 1666 2866 1710 15

378 3592 539 3644 Cobet
576 3592 612 3644 l.
654 3591 687 3643 l.
723 3593 730 3659 Ι
763 3591 1108 3662 neqiuuaret.
1144 3593 1151 3660 Ι
1187 3594 1270 3645 13.
1312 3593 1804 3660 pacispatriamde.
1839 3598 1845 3658 Ι
1883 3595 1963 3646 14.
2005 3593 2302 3648 interesset
2340 3611 2422 3646 00.
2465 3598 2571 3648 eta.
2602 3624 2670 3632 —
2699 3594 2784 3647 Ζα-
2841 3620 2846 3624 ·

372 3697 571 3733 ennam
597 3680 647 3732 I.
679 3681 750 3733 F.
788 3680 1084 3747 Gronov-ie,
1112 3681 1404 3749 Madviqio
1433 3684 1835 3749 praeeuntibus
1864 3684 2071 3749 explevi
2107 3699 2172 3735 ex
2199 3682 2394 3751 Polyb.
2425 3682 2658 3750 XXIX,
2689 3685 2783 3751 1f,

288 3835 305 3854 k
371 3775 402 3821 1
443 3776 492 3822 et
530 3771 672 3837 App.
699 3769 920 3823 Maced.
953 3774 1036 3823 18.
1073 3771 1081 3837 Ι
1117 3770 1198 3822 15.
1239 3770 1552 3839 inutroque,
1594 3787 1731 3823 corr.
1769 3771 1819 3823 I.
1849 3771 1918 3824 F.
1966 3771 2292 3824 Gronovius.
2330 3774 2337 3839 Ι
2371 3772 2456 3824 20.
2496 3772 2552 3824 in
2587 3772 2787 3825 sedwa.

369 3858 604 3927 Madviy
641 3857 761 3913 Em.
801 3859 866 3912 L.
899 3876 958 3925 p.
1004 3862 1133 3912 693.
1172 3861 1177 3927 1
1212 3860 1615 3929 nominisregis
1654 3861 1662 3927 Ι
