3005 4257
140 1230 195 1272 10

136 1675 192 1719 15

137 2116 196 2161 20

808 233 1034 286 LIBER
1075 232 1276 286 xmv.
1317 231 1482 285 cAP.
1522 232 1569 285 8.
1610 232 1661 285 9.
1706 232 1777 300 [a.
1819 231 1882 285 U.
1922 247 1967 284 ο.
2008 232 2133 299 585]
2567 217 2648 279 13

235 422 526 495 saeptum
585 414 705 477 iter
759 412 960 476 hostis
1019 412 1290 475 credens
1347 411 1682 474 extrahere
1748 411 2015 475 relicum
2072 419 2323 493 tempus
2381 412 2648 474 aestatis

234 501 302 563 in
350 502 565 566 animo
614 502 917 566 habebat.

449 593 621 655 Inter
675 591 838 655 haec
895 590 1118 654 consul
1168 609 1207 652 a
1253 588 1444 653 Phila
1497 587 1823 672 Popilium
1886 608 2030 652 cum
2090 588 2340 652 duobus
2390 588 2648 652 milibus

233 687 626 744 armatorum
665 680 1054 744 Heracleum
1093 679 1305 742 mittit.
1354 678 1539 743 abest
1576 699 1616 741 a
1654 678 1844 741 Phila
1890 677 2173 758 quinque
2221 678 2404 742 milia
2451 676 2649 742 ferme

231 789 556 852 passuum,
615 770 830 833 media
884 768 1148 851 regione
1203 768 1367 832 inter
1424 768 1619 832 Dium
1674 769 2061 850 Tempeque,
2127 767 2195 830 in
2262 786 2417 849 rupe
2476 769 2651 830 amni

232 858 589 923 inminente
635 859 934 941 positum.

446 949 560 1011 IX.
619 947 927 1030 Popilius,
982 947 1357 1029 priusquam
1418 954 1701 1010 armatos
1760 945 1957 1009 muris
2015 944 2407 1023 admoveret,
2456 944 2647 1023 misit,

234 1036 343 1115 qui
382 1037 868 1119 magistratibus
906 1035 1439 1119 principibusque
1478 1035 1841 1114 suaderent,
1878 1033 2069 1097 fidem
2109 1033 2652 1115 clementiamque

234 1126 663 1190 Romanorum
714 1147 908 1208 quam
957 1127 1087 1188 vim
1138 1123 1419 1206 experiri
1470 1125 1753 1189 mallent.
1803 1122 1963 1187 nihil
2005 1142 2082 1187 ea
2122 1123 2397 1187 consilia
2438 1144 2647 1188 move·
2712 1141 2724 1159 ⁴

234 1223 400 1297 runt,
450 1215 604 1297 quia
653 1217 837 1298 ignes
889 1215 974 1279 ad
1021 1215 1296 1297 Elpeum
1353 1234 1433 1278 ex
1490 1213 1689 1296 regiis
1746 1212 1976 1277 castris
2036 1213 2457 1296 apparebant.
2515 1220 2650 1276 tum

233 1313 403 1366 terra
464 1306 751 1386 marique
801 1343 887 1351 ——-
935 1309 999 1367 et
1049 1303 1278 1368 classis
1337 1302 1617 1385 adpulsa
1675 1302 1761 1366 ab
1815 1303 2006 1366 litore
2065 1302 2280 1366 stabat
2326 1340 2412 1348 ——
2460 1303 2650 1366 simul

235 1393 449 1472 armis,
522 1395 712 1459 simul
779 1393 1079 1477 operibus
1149 1391 1592 1472 machinisque
1658 1390 2018 1475 oppugnari
2086 1391 2312 1474 coepti.
2385 1393 2651 1455 iuvenes

232 1482 429 1545 etiam
497 1483 761 1565 quidam
827 1482 1100 1547 Romani
1176 1482 1428 1545 ludicro
1495 1482 1768 1545 circensi
1844 1481 1929 1544 ad
1995 1500 2179 1544 usum
2246 1480 2400 1544 belli
2468 1500 2651 1545 verso

230 1580 478 1654 partem
527 1572 954 1636 humillimam
1013 1571 1178 1635 muri
1225 1577 1551 1654 ceperunt.
1610 1591 1745 1635 mos
1794 1577 1933 1633 erat
1979 1576 2132 1649 tum,
2190 1569 2471 1635 nondum
2531 1569 2651 1633 hac

231 1661 536 1726 effusione
610 1662 878 1726 inducta
953 1661 1180 1726 bestiis
1257 1663 1541 1724 omnium
1617 1659 1904 1742 gentium
1971 1660 2210 1723 circum
2288 1659 2651 1742 conplendi‚

231 1750 413 1814 varia
471 1753 982 1834 spectaculorum
1042 1749 1418 1831 conquirere
1475 1768 1746 1832 genera3
1812 1769 1962 1812 nam
2031 1749 2227 1813 semel
2296 1749 2648 1831 quadrigis,

232 1841 431 1904 semel
488 1840 811 1906 desultore
868 1841 1064 1904 misso
1112 1840 1223 1903 vix
1271 1839 1459 1903 unius
1508 1838 1706 1903 horae
1765 1846 2017 1919 tempus
2064 1846 2402 1919 utrumque
2459 1838 2650 1901 curri-

233 1930 446 1992 culum
494 1931 858 2012 conplebat.
905 1929 1069 1992 inter
1117 1935 1333 1992 cetera
1380 1930 1691 2031 sexageni
1740 1926 1940 1991 ferme
1988 1927 2274 2003 iuveneS‚
2333 1927 2650 1990 interdum

232 2019 450 2100 plures
491 2018 1011 2102 apparatioribus
1048 2017 1237 2097 ludis,
1287 2018 1520 2082 armati
1559 2018 2048 2081 inducebantur.
2097 2015 2322 2102 horum
2360 2015 2681 2080 inductio·

233 2127 315 2171 ex
354 2114 538 2211 parte
578 2108 990 2173 simulacrum
1030 2107 1427 2173 decurrentis
1475 2107 1798 2172 exercitus
1838 2114 1996 2188 erat,
2045 2124 2126 2169 ex
2173 2095 2355 2188 parte
2396 2106 2649 2189 elegan-

234 2198 415 2262 tioris
477 2196 849 2284 [exercitus]
911 2217 1104 2278 quam
1162 2198 1475 2261 militaris
1517 2197 1693 2275 artis,
1748 2196 2134 2279 propiorque
2190 2195 2650 2278 gladiatorium

235 2307 552 2351 armorum
608 2308 810 2351 usum.
868 2307 1013 2350 cum
1071 2286 1233 2351 alios
1289 2286 1564 2351 decursu
1620 2285 1981 2350 edidissent
2039 2293 2265 2363 motus,
2332 2285 2648 2363 quadrato

231 2607 471 2661 Perseus
509 2610 728 2673 septum
766 2607 875 2660 iter
911 2605 1090 2660 hostis
1129 2606 1210 2658 ed.
1250 2606 1388 2660 Bas.
1429 2609 1610 2672 1531).
1648 2607 1655 2672 Ι
1693 2608 1738 2659 1.
1779 2606 2650 2678 extraherearesslicuumtempus-

237 2697 556 2762 eaaestatis,
595 2711 730 2748 corr.
772 2695 1009 2764 Madviy
1044 2696 1169 2751 Em.
1211 2695 1280 2748 L.
1319 2712 1380 2762 p.
1425 2699 1559 2763 684,
1600 2696 1895 2750 extrahere
1943 2696 2216 2765 reliquum
2264 2703 2484 2763 tempus
2531 2695 2651 2748 eius

236 2784 471 2837 aestatis
509 2783 588 2835 ed.
620 2784 753 2836 Bas.
783 2788 942 2852 1531,
983 2790 1141 2838 extra
1171 2785 1502 2838 Heracleum
1534 2785 1763 2838 tendere
1804 2784 2025 2838 stativis
2060 2786 2352 2839 Gitlbauer
2369 2801 2429 2851 p.
2460 2786 2613 2848 122).
2639 2789 2647 2852 Ι

235 2874 288 2925 4.
327 2871 603 2938 heraclea,
643 2888 777 2926 cor-r.
817 2873 866 2925 I.
896 2874 966 2926 F.
1012 2874 1342 2927 Gronovius
1379 2875 1386 2939 Ι
1421 2873 1590 2940 apila.
1625 2876 1632 2940 Ι
1667 2890 1720 2927 u.
1759 2873 1913 2927 milia
1946 2876 1952 2941 Ι
1987 2874 2036 2926 5.
2072 2875 2647 2953 ἰῃῐ6τᾱίιιῖ6ῐῃρ.ᾳιι6.Ι

234 2960 693 3033 inrupemaniflmi.
728 2964 736 3030 Ι
770 2960 1290 3032 8.pr1ncip1bllque
1326 2964 1333 3031 Ι
1373 2963 1453 3017 10.
1483 2963 1742 3030 elipeum,
1776 2979 1911 3016 corr.
1932 2962 2169 3033 Madviy
2194 2964 2319 3016 Em.
2349 2965 2416 3017 L.
2438 2981 2496 3030 p.
2535 2968 2650 3017 684

235 3050 530 3118 (Enipeum
575 3051 655 3104 ed
703 3052 840 3106 Bas
890 3055 1071 3118 1531).
1133 3054 1140 3119 Ι
1201 3050 1459 3122 exllregis.
1531 3056 1537 3120 Ι
1609 3051 1999 3119 appareibant.
2070 3053 2078 3119 Ι
2151 3054 2231 3105 11.
2272 3052 2606 3120 adpulsaab.
2639 3052 2645 3116 Ι

237 3142 322 3194 14.
360 3140 517 3195 haec.
577 3142 585 3209 Ι
648 3142 731 3195 15.
770 3142 960 3196 bestis.
1022 3145 1030 3207 Ι
1089 3142 1336 3196 omnium
1374 3158 1645 3210 generum
1684 3142 1823 3195 coni.
1873 3140 2125 3195 Ursinus.
2180 3143 2187 3209 Ι
2244 3143 2326 3195 16.
2365 3142 2652 3210 conquire-

235 3247 447 3285 renera.
518 3233 526 3298 Ι
594 3228 908 3301 naellsemel,
959 3247 1094 3284 corr.
1150 3230 1251 3283 On.
1302 3232 1631 3297 Panvinius‚
1679 3235 1734 3284 et
1782 3230 1952 3284 semel
2001 3231 2053 3283 I.
2093 3230 2162 3286 F.
2208 3231 2535 3298 Gronovim,
2585 3248 2650 3285 ac

233 3320 406 3373 semel
443 3320 496 3372 I.
533 3319 862 3373 Perizonius
898 3326 1037 3386 (nec,
1077 3320 1247 3374 semel
1286 3320 1366 3372 ed.
1406 3321 1543 3373 Bas,
1582 3322 1760 3386 1531).
1797 3322 1804 3387 Ι
1838 3320 2118 3389 quadrigi.
2151 3321 2159 3390 Ι
2199 3320 2279 3373 17.
2319 3319 2645 3382 desultore!

240 3404 497 3476 utrinque.
557 3408 566 3474 Ι
630 3407 713 3461 18.
752 3408 1056 3475 conplebit‚
1095 3409 1358 3475 coplebat
1395 3409 1475 3461 ed.
1516 3409 1652 3463 Bas,
1691 3411 1849 3461 1531.
1911 3410 1919 3477 Ι
1974 3410 2058 3462 19.
2098 3406 2650 3480 apparitoribuslufldi

238 3514 680 3581 (apparitoribus
726 3514 845 3567 ludi
893 3514 973 3567 ed.
1012 3515 1147 3568 Bae.
1186 3518 1362 3582 1531),
1407 3532 1545 3570 corr.
1601 3515 1874 3568 Muretus,
1926 3517 1933 3584 Ι
1983 3504 2451 3587 ἰΙῙᾶυοΐίοἰηρειι-ῒθ,
2510 3499 2648 3571 corr.

238 3601 652 3670 Drakenborch,
682 3620 816 3656 num
846 3604 1138 3657 instructio
1169 3619 1237 3656 ex
1265 3604 1464 3671 parte?
1484 3607 1514 3639 *
1548 3606 1555 3671 Ι
1589 3604 1675 3658 20.
1713 3603 2386 3675 elessgantiorisexercituS,
2427 3591 2648 3673 elegan-

240 3688 399 3742 tioris
437 3690 688 3745 exercitii
734 3692 813 3745 ed.
854 3693 989 3745 Bas.
1040 3695 1197 3758 1531,
1246 3693 1609 3761 elegantioris
1652 3695 1973 3764 [exercitus]
2014 3694 2291 3762 Kreyssiy.
2343 3697 2349 3761 Ι
2402 3693 2488 3745 21.
2528 3711 2650 3761 pro-

239 3777 521 3847 priorque.
576 3782 582 3846 Ι
634 3781 720 3833 22.
776 3777 1059 3850 decursssos
1118 3781 1407 3845 (decursus
1465 3782 1547 3835 ed.
1604 3785 1742 3837 Bas,
1799 3788 1976 3851 1531),
2034 3783 2270 3836 decursu
2325 3782 2647 3850 Douiatiu3‚

240 3868 474 3921 decoros
512 3869 720 3922 Bauer.
742 3869 769 3899 *
803 3871 811 3938 Ι
