3005 4257
323 181 404 240 62
827 196 1056 249 LIBER
1098 196 1296 250 XLIV.
1338 197 1501 251 CAP.
1543 200 1628 252 40.
1667 200 1753 252 41.
1797 200 1863 269 [a.
1906 199 1969 254 U.
2013 216 2057 252 c.
2099 199 2221 266 586]

256 388 278 429 7
320 393 460 439 cum
514 375 713 439 otium
770 376 857 440 ad
902 375 1137 440 flumen
1194 382 1365 440 esset
1420 378 1661 443 neutris
1718 378 2201 453 lacessentibus,
2261 378 2417 441 hora
2474 378 2733 441 circiter

322 485 489 528 nona
553 465 907 530 iumentum
973 486 1009 529 e
1077 466 1372 530 manibus
1438 467 1797 531 curantium
1831 468 1834 471 ’
1871 469 2162 549 elapsum
2229 467 2296 530 in
2360 467 2731 532 ulteriorem

258 566 283 606 8
321 554 528 635 ripam
576 554 816 636 effugit.
865 555 1037 635 quod
1085 575 1229 618 cum
1277 575 1391 637 per
1441 577 1676 636 aquam
1724 556 1926 620 ferme
1974 555 2248 638 genibus
2295 563 2480 620 tenus
2528 557 2730 619 altam

320 650 448 706 tres
512 643 751 708 milites
810 652 1240 724 sequerentur,
1306 643 1589 709 Threces
1647 646 1771 711 duo
1838 646 1904 708 id
1961 646 2309 709 iumentum
2369 666 2451 709 ex
2518 645 2731 708 medio

319 733 504 796 alveo
549 733 617 796 in
665 753 846 797 suam
894 733 1100 815 ripam
1147 733 1474 798 trahentes
1523 740 1826 815 caperent,
1873 735 1983 799 hos
2017 736 2335 819 persecuti
2383 735 2482 798 illi
2526 733 2730 798 altero

319 842 535 885 eorum
583 821 794 886 occiso
852 830 1238 904 receptoque
1300 821 1426 907 [eo]
1487 823 1770 887 iumento
1830 824 1915 887 ad
1963 825 2306 888 stationem
2366 843 2619 888 suorum
2668 844 2732 886 se

253 929 280 971 9
319 910 736 993 recipiebant.
787 912 1298 994 octingentorum
1346 911 1667 976 Thracum
1714 913 2110 996 praesidium
2157 913 2221 975 in
2273 911 2549 978 hostium
2588 912 2732 994 ripa

321 1006 477 1063 erat.
538 1021 618 1064 ex
676 1000 775 1064 his
831 1001 1021 1082 pauci
1077 1000 1302 1082 primo,
1357 1021 1553 1084 aegre
1615 1003 1790 1084 passi
1857 1004 2231 1084 popularem
2288 1003 2354 1065 in
2412 1022 2526 1066 suo
2586 1021 2732 1064 con-

321 1098 542 1171 spectu
582 1110 860 1168 caesum,
909 1090 994 1152 ad
1030 1090 1513 1171 persequendos
1558 1091 2001 1155 interfectores
2040 1091 2305 1156 fluvium
2345 1091 2731 1172 transgressi

232 1195 285 1238 10
324 1188 485 1257 sunt,
532 1179 683 1242 dein
730 1179 963 1260 plures,
1012 1186 1337 1260 postremo
1387 1200 1627 1254 omnes,
1678 1186 1741 1243 et
1789 1200 1931 1244 cum
1979 1180 2304 1263 praesidio
2378 1228 2410 1264 *
2483 1228 2515 1264 *
2590 1226 2622 1263 *
2696 1226 2729 1261 *

259 1284 279 1324 1
536 1268 705 1331 XLI.
754 1315 822 1350 **
868 1268 1182 1349 proelium
1232 1267 1423 1331 ducit.
1483 1270 1783 1333 movebat
1836 1270 2093 1352 imperii
2141 1270 2466 1345 maiestas,
2526 1268 2734 1350 gloria

324 1356 460 1434 viri,
518 1365 669 1420 ante
726 1356 941 1420 omnia
1006 1363 1205 1435 aetas,
1267 1358 1435 1438 quod
1501 1358 1706 1421 maior
1771 1360 2114 1442 sexaginta
2178 1359 2363 1423 annis
2428 1361 2733 1422 iuvenum

325 1445 542 1509 munia
589 1446 655 1508 in
703 1452 887 1528 parte
934 1447 1283 1528 praecipua
1331 1447 1573 1511 laboris
1629 1448 2024 1529 periculique
2082 1450 2483 1530 capessebat.
2540 1448 2732 1510 inter-

325 1535 586 1615 vallum,
654 1535 827 1615 quod
884 1534 1050 1598 inter
1114 1543 1389 1599 cetratos
1453 1543 1517 1600 et
1581 1537 1942 1619 phalanges
2009 1543 2166 1612 erat,
2225 1537 2499 1619 inplevit
2560 1537 2733 1618 legio

260 1638 285 1679 2
325 1630 517 1703 atque
574 1624 779 1687 aciem
836 1623 1111 1688 hostium
1169 1625 1526 1706 interrupit.
1586 1647 1623 1689 a
1680 1634 1857 1708 tergo
1917 1627 2147 1691 cetrati
2194 1633 2393 1706 erant,
2457 1626 2733 1690 frontem

325 1711 634 1778 adversus
682 1714 1010 1795 clupeatos
1066 1713 1374 1795 habebat3
1439 1714 1885 1797 chalcaspides
1943 1716 2453 1798 appellabantur.
2512 1735 2736 1779 secun-

326 1803 475 1866 dam
514 1803 831 1884 legionem
873 1803 942 1865 L.
973 1802 1245 1867 Albinus
1284 1804 1635 1868 consularis
1675 1804 1908 1868 ducere
1947 1806 2256 1869 adversus
2292 1804 2736 1886 leucaspidem

261 1903 286 1945 3
324 1890 717 1973 phalangem
782 1892 1017 1974 iussus3
1087 1911 1164 1954 ea
1230 1893 1445 1955 media
1511 1893 1683 1957 acies
1759 1893 2033 1958 hostium
2099 1894 2235 1958 fuit.
2301 1894 2367 1957 in
2436 1893 2734 1957 dextrum

326 2000 538 2055 cornu,
586 1981 757 2045 unde
809 1982 980 2044 circa
1027 1980 1290 2045 fluvium
1340 1982 1742 2046 commissum
1785 1984 2097 2065 proelium
2148 1989 2307 2059 erat,
2357 1982 2736 2065 elephantos

324 2069 570 2134 inducit
619 2078 682 2134 et
729 2070 868 2135 alas
916 2070 1258 2152 sociorum3
1317 2077 1383 2135 et
1437 2070 1587 2136 hinc
1635 2073 1906 2156 primum
1964 2072 2120 2155 fuga
2165 2072 2587 2138 Macedonum
2636 2078 2734 2136 est

262 2170 286 2210 4
331 2167 488 2222 orta.
546 2181 695 2223 nam
756 2160 918 2224 sicut
973 2161 1278 2242 pleraque
1336 2182 1501 2225 nova
1561 2170 1903 2225 conmenta
1971 2163 2335 2227 mortalium
2393 2162 2461 2226 in
2517 2161 2738 2226 verbis

550 2409 592 2460 1.
615 2425 729 2461 ora.
766 2409 772 2475 Ι
807 2410 854 2461 2.
887 2415 1103 2475 quarta,
1136 2424 1281 2460 nona
1309 2408 1360 2459 Ι.
1393 2408 1461 2460 F.
1497 2408 1810 2462 Gronovius
1839 2426 1865 2461 e
1893 2410 2044 2462 Plut.
2074 2410 2270 2461 Aemil.
2303 2426 2343 2461 c.
2378 2412 2471 2461 22.
2507 2411 2514 2476 Ι
2548 2409 2598 2461 3.
2630 2389 2739 2460 alt-

330 2513 512 2563 quam.
564 2499 571 2562 Ι
627 2494 840 2567 gessnus,
890 2496 1128 2564 genibus
1176 2496 1373 2549 Novak
1418 2499 1574 2550 ceske'
1609 2515 1744 2551 mus.
1792 2499 1870 2564 fil.
1931 2499 2056 2550 VII
2085 2516 2144 2565 p.
2192 2502 2297 2550 441
2346 2497 2525 2566 (prob.
2566 2496 2643 2549 H.
2683 2495 2736 2550 I.

330 2586 541 2638 Mulier
589 2603 720 2638 ann.
769 2586 951 2637 Berol.
998 2588 1152 2637 1903
1189 2602 1250 2651 p.
1301 2589 1377 2652 11,
1425 2603 1575 2652 genu
1620 2586 1922 2654 Gryphius,
1959 2587 2334 2639 Luterbacher
2369 2587 2432 2638 in
2467 2584 2737 2639 Fleckeis.

333 2692 462 2728 ann.
502 2677 655 2727 1885
684 2692 742 2740 p.
790 2677 935 2740 614.)
989 2676 995 2739 Ι
1046 2674 1095 2726 4.
1148 2673 1374 2740 streceS,
1415 2674 1663 2728 Thraces
1703 2676 1782 2728 ed.
1822 2678 1958 2729 Bas.
1999 2680 2157 2744 1531,
2197 2676 2556 2743 Thracesque
2596 2674 2738 2727 coni.

342 2763 588 2817 Ursinus.
626 2765 633 2828 Ι
667 2764 715 2815 5.
755 2761 1238 2835 tradensstesaltero
1287 2763 1621 2830 (trahentes3
1673 2766 1849 2818 altero
1899 2766 1976 2818 ed.
2015 2766 2153 2818 Bas.
2194 2768 2337 2817 1531
2371 2763 2598 2818 stellula
2637 2762 2740 2814 ad-

323 2854 530 2920 posita,
568 2852 871 2918 traherent,
911 2852 1088 2907 altero
1117 2852 1400 2917 Latinius,
1440 2852 1693 2919 Ursinus,
1721 2854 1984 2921 Madv-iq,-
2018 2854 2115 2906 sed
2141 2855 2210 2920 cf.
2240 2854 2470 2906 Harant
2486 2870 2547 2919 p.
2579 2850 2739 2919 278),

332 2942 616 2996 trahentes
652 2946 973 3010 <caperent,
1021 2942 1125 2995 hos
1172 2943 1449 3008 persecuti
1496 2942 1617 3010 illi>
1654 2943 1827 2996 altero
1876 2944 2013 2996 coni.
2061 2943 2145 2995 M.
2183 2943 2410 3009 Mulier,
2461 2941 2583 2994 alia
2627 2940 2740 2993 vid.

336 3048 422 3098 ap.
461 3030 861 3084 Drakenborch
887 3048 948 3098 p.
993 3035 1128 3085 405.
1191 3032 1197 3097 Ι
1259 3031 1307 3082 6.
1357 3047 1422 3084 eo
1472 3032 1575 3084 del.
1614 3033 1682 3085 Α.
1723 3032 2065 3085 Perizonius.
2126 3033 2133 3099 Ι
2194 3049 2253 3085 se
2303 3031 2431 3084 add.
2482 3030 2561 3083 ed.
2602 3030 2739 3080 Bas.

334 3123 494 3172 1531.
530 3121 537 3188 Ι
572 3121 620 3172 7.
658 3126 888 3173 tracum.
933 3122 939 3187 Ι
982 3123 1030 3173 8.
1071 3118 1478 3189 aegreinpassi.
1525 3122 1530 3187 Ι
1577 3121 1659 3174 lo.
1698 3123 1761 3173 in
1789 3121 2072 3188 praesidio
2101 3121 2299 3187 sinitur
2327 3120 2441 3173 cod.
2470 3120 2580 3186 fol.
2610 3123 2742 3184 141;

332 3209 729 3261 interciderunt
775 3210 1154 3276 quaternionis
1193 3210 1418 3265 XXVI.
1460 3210 1569 3262 (luo
1595 3210 1754 3276 folia
1795 3210 1881 3276 (cf.
1928 3209 2314 3262 Gitlbauerum
2342 3226 2402 3276 10.
2445 3211 2562 3275 27),
2602 3225 2744 3275 quac

335 3298 546 3350 easdem
573 3299 696 3363 fere
731 3314 817 3350 res
854 3299 1186 3351 continuisse
1223 3298 1491 3365 videntur,
1532 3315 1674 3365 quas
1708 3298 1863 3350 Plut.
1901 3298 2052 3350 Aem.
2093 3300 2178 3364 18,
2217 3301 2303 3364 19,
2345 3300 2428 3351 20
2462 3297 2741 3349 narravit.

337 3389 593 3440 lacunam
631 3387 747 3439 incl.
786 3387 867 3439 ed.
906 3387 1040 3441 Bas.
1081 3390 1239 3440 1531.
1292 3389 1298 3454 Ι
1354 3387 1433 3439 11.
1476 3387 1691 3454 imperi.
1734 3388 1742 3454 Ι
1788 3389 1870 3440 13.
1913 3386 2307 3454 periculiquae.
2344 3391 2351 3453 Ι
2389 3386 2470 3438 14.
2512 3384 2742 3452 phalan-

332 3492 460 3545 gem
508 3476 649 3528 coni.
697 3476 746 3527 I.
787 3475 858 3530 F.
912 3475 1239 3542 Gronovius,
1286 3475 1650 3543 phalangitas
1697 3492 1843 3543 susp.
1882 3476 2297 3529 Drakenborch.
2357 3479 2364 3541 Ι
2424 3472 2740 3545 inplessbit.l

338 3566 421 3619 15.
461 3565 785 3633 adqueacie.
821 3567 826 3630 Ι
860 3564 1227 3631 cetratiserat,
1268 3582 1405 3618 corr.
1444 3564 1679 3632 Madvig]
1706 3566 1829 3619 Em.
1860 3566 1927 3617 L.
1958 3581 2017 3631 p.
2063 3569 2195 3618 709.
2231 3571 2236 3630 Ι
2275 3565 2356 3617 16.
2395 3562 2745 3629 caclaspides

337 3653 679 3722 (aglaspides
718 3654 798 3709 ed.
830 3654 966 3706 Bas,
996 3657 1179 3723 1531),
1219 3670 1354 3707 corr.
1393 3654 1443 3706 Ι.
1474 3652 1545 3706 F.
1583 3653 1911 3707 GronoviuS.
1946 3656 1953 3722 Ι
1992 3655 2070 3708 17.
2110 3669 2260 3706 cons.
2297 3655 2304 3720 1
2344 3653 2423 3705 19.
2463 3651 2739 3719 cornum!

336 3740 1036 3813 elepantosindusscietalias
1106 3742 1453 3809 (elephantes
1511 3743 1725 3795 inducti
1781 3744 1826 3795 δε
1882 3742 1973 3795 ala
2029 3742 2108 3794 ecl.
2157 3742 2302 3794 Bas.
2360 3744 2538 3809 1531),
2605 3757 2744 3794 corr.

336 3831 610 3899 Kreyssiq.
646 3835 653 3898 Ι
687 3833 772 3884 20.
814 3831 1024 3899 fugam.
1060 3833 1067 3898 Ι

2769 1187 2825 1227 10

2772 1629 2828 1672 15

2774 2073 2831 2115 20
