3005 4257
386 135 486 227 '5ss
943 159 1163 213 LIBER
1201 161 1365 215 XLII.
1406 162 1559 215 cAP.
1598 163 1682 215 45.
1719 162 1804 214 46.
1845 159 1916 228 [a.
1955 163 2020 217 U.
2058 179 2103 216 ο.
2143 160 2268 228 583]

341 351 368 388 4
396 330 827 418 praeparatis;
895 331 1006 413 qui
1053 351 1200 396 cum
1262 332 1329 396 in
1389 351 1638 397 summo
1700 332 2080 416 magistratu
2141 339 2315 397 esset
2361 369 2443 379 —-
2488 330 2793 416 prytanin

396 419 523 505 ipsi
555 425 786 485 vocant
815 456 918 499 —-‚
968 419 1187 483 multis
1221 418 1618 484 orationibus
1651 420 2007 503 pervicerat
2040 416 2392 507 [Rhodios],
2432 426 2501 483 ut
2531 419 2791 496 omissa,

397 526 587 588 quam
633 525 828 590 saepe
872 526 1105 569 vanam
1138 505 1386 590 experti
1433 513 1671 587 essent,
1717 527 1942 589 regum
1973 505 2388 571 fovendorum
2420 525 2533 590 spe
2565 506 2793 571 Roma-

395 612 544 657 nam
591 591 988 672 societatem,
1038 613 1229 657 unam
1259 598 1395 657 tum
1440 593 1508 657 in
1540 593 1726 658 terris
1764 593 1869 658 vel
1899 593 2136 658 viribus
2182 592 2288 658 vel
2316 592 2440 657 fide
2473 592 2789 672 stabilem,

342 698 367 735 5
394 679 762 744 retinerent.
806 678 1047 744 bellum
1092 679 1421 745 imminere
1467 700 1611 744 cum
1643 680 1911 763 Perseo;
1968 679 2435 745 desideraturos
2466 680 2792 745 Romanos
2817 695 2841 732 5

395 767 665 832 eundem
712 767 1005 830 navalem
1035 773 1432 851 apparatum,
1484 787 1673 849 quem
1702 777 1904 853 nu'per
1933 765 2250 847 Antiochi,
2284 787 2470 850 quem
2501 763 2792 851 Philippi

342 877 367 915 6
392 859 541 918 ante
587 851 758 917 bello
789 851 1125 921 vidissent.
1173 853 1597 937 trepidaturos
1641 861 1775 918 tum
1804 861 2064 938 repente
2111 855 2182 917 in
2227 852 2514 938 paranda
2559 854 2785 934 classe,

394 959 537 1004 cum
583 938 897 1004 mittenda
943 947 1136 1022 esset,
1184 940 1309 1005 nisi
1353 940 1610 1005 reficere
1655 960 1872 1022 naves,
1919 940 2041 1004 nisi
2085 941 2392 1005 instruere
2452 940 2792 1005 navalibus

394 1026 586 1092 sociis
634 1026 1012 1111 coepissent.
1064 1027 1139 1090 id
1183 1047 1259 1091 eo
1309 1027 1515 1110 magis
1563 1026 1747 1091 enixe
1778 1026 2145 1092 faciundum
2191 1047 2354 1107 esse,
2408 1033 2478 1090 ut
2522 1023 2791 1091 crimina

342 1136 363 1174 ἰ
393 1112 610 1179 delata
654 1114 736 1178 ab
769 1113 1052 1178 Eumene
1096 1112 1221 1177 fide
1251 1133 1459 1178 rerum
1504 1113 1883 1179 refellerent.
1942 1113 2040 1178 his
2085 1113 2328 1178 incitati
2360 1112 2791 1196 quadraginta
2819 1127 2864 1165 10

394 1200 653 1267 navium
685 1201 956 1265 classem
994 1200 1366 1265 instructam
1396 1208 1810 1282 ornatamque
1844 1201 2072 1284 legatis
2113 1199 2414 1265 Romanis
2445 1199 2792 1265 advenien-

391 1287 581 1367 tibus,
630 1294 699 1351 ut
741 1306 873 1353 non
918 1293 1317 1373 expectatam
1349 1287 1855 1352 adhortationem
1902 1308 2043 1352 esse
2088 1293 2444 1371 appareret,
2499 1286 2790 1351 ostende-

339 1396 364 1434 s
390 1381 550 1438 runt.
604 1380 667 1438 et
710 1373 870 1438 haec
914 1372 1152 1456 legatio
1198 1394 1504 1456 magnum
1548 1372 1633 1438 ad
1678 1373 2106 1439 conciliandos
2158 1372 2405 1438 animos
2437 1372 2788 1448 civitatium

388 1460 585 1526 Asiae
616 1466 1001 1525 momentum
1046 1459 1181 1524 fuit.
1229 1459 1559 1525 Decimius
1603 1480 1765 1524 unus
1812 1460 1947 1525 sine
1996 1461 2126 1524 ullo
2159 1460 2408 1541 effectu,
2456 1466 2787 1560 captarum

389 1547 586 1612 etiam
629 1546 1039 1697 pgcuniarum
1083 1547 1164 1611 ab
1210 1546 1467 1630 regibus
1514 1547 1879 1630 Illyriorum
1924 1547 2282 1632 suspicione
2328 1546 2602 1626 infamls,
2666 1547 2785 1610 Ro·
2814 1560 2860 1597 1⁵

389 1655 560 1698 mam
604 1654 672 1698 re
719 1633 809 1697 iit.

339 1812 360 1848 1
598 1789 827 1853 XLVI.
879 1790 1170 1872 PerseuS,
1224 1810 1368 1855 cum
1413 1791 1494 1854 ab
1542 1790 1880 1872 conloquio
1926 1792 2349 1855 Romanorum
2395 1791 2458 1855 in
2491 1790 2785 1856 Macedo·

386 1876 558 1941 niam
601 1876 946 1961 recepisset
991 1896 1151 1958 sese,
1219 1876 1468 1959 legatos
1516 1877 1781 1942 Romam
1843 1876 1922 1942 de
1981 1878 2292 1943 incohatis
2353 1898 2495 1943 cum
2541 1876 2782 1942 Marcio

336 1985 360 2022 2
390 1962 867 2028 condicionibus
926 1964 1104 2048 pacis
1164 1963 1367 2045 misit;
1431 1971 1494 2028 et
1539 1964 1920 2047 Byzantium
1981 1971 2044 2029 et
2087 1964 2382 2028 Rhodum
2444 1962 2779 2028 litteras**

388 2050 617 2133 legatis
664 2049 960 2114 ferendas
1008 2049 1201 2115 dedit.
1256 2050 1322 2114 in
1367 2050 1593 2116 litteris
1641 2050 1866 2116 eadem
1911 2051 2225 2116 sententia
2255 2050 2339 2116 ad
2371 2071 2588 2116 omnes
2622 2058 2779 2132 erat,
2809 2061 2857 2100 20

614 2332 659 2380 1.
734 2329 1136 2396 magistratum.
1216 2327 1225 2395 Ι
1303 2334 1351 2382 2.
1435 2330 1944 2386 multiorationibus
2033 2328 2247 2397 (multis
2316 2330 2626 2385 rationibus
2699 2335 2779 2384 ed.

382 2415 513 2469 Bas.
575 2414 764 2483 1531),
823 2433 960 2470 corr.
1022 2417 1290 2485 Kreyssiy.
1341 2415 1350 2483 Ι
1397 2417 1919 2486 peruiceratrodios,
1979 2419 2292 2487 pervicerat
2362 2418 2431 2470 H.
2486 2418 2531 2470 I.
2582 2418 2780 2471 Miiller

383 2520 504 2555 ann.
540 2488 715 2556 Berbl.
758 2502 901 2557 1890
933 2522 987 2573 p.
1027 2504 1137 2558 185
1174 2514 1220 2557 et
1257 2503 1401 2558 1891
1429 2523 1488 2574 p.
1527 2504 1653 2572 180,
1702 2505 2031 2575 pervicerat,
2072 2505 2276 2560 Rhodii
2311 2506 2687 2558 Drakenborch
2722 2507 2778 2558 in

383 2593 525 2659 adn„
592 2591 932 2658 perduxerat
984 2592 1233 2647 Rhodios
1299 2593 1517 2661 Madvig]
1571 2593 1689 2645 Em.
1745 2594 1809 2646 L.
1857 2613 1914 2662 p.
1970 2591 2100 2660 648,
2154 2593 2477 2661 perpulerat
2530 2592 2780 2647 Rhodios

394 2677 769 2744 Weissenborn,
817 2679 1134 2746 pervicerat
1175 2679 1314 2744 <ad>
1351 2680 1601 2735 Rhodios
1637 2680 1852 2732 Harant
1879 2699 1937 2748 p.
1985 2679 2101 2733 248
2149 2677 2168 2737 (
2172 2679 2485 2748 pervicerat
2530 2678 2779 2733 Rhodios

382 2765 488 2829 def.
529 2765 596 2817 G'.
634 2765 871 2817 Heraeus
924 2767 1179 2819 vindiciae
1214 2768 1328 2820 Liv.
1367 2764 1596 2832 1889).*
1629 2763 1638 2832 Ι
1670 2769 1719 2820 3.
1757 2766 2267 2835 saepeunaexperti.
2317 2763 2326 2833 Ι
2375 2770 2423 2820 4.
2462 2766 2779 2820 societatio-

381 2855 759 2905 nemunatum.
821 2850 830 2915 Ι
892 2852 1133 2907 stabiles.
1198 2850 1207 2919 Ι
1267 2855 1315 2905 5.
1354 2853 2024 2922 imminerentumperseo.
2089 2852 2097 2918 Ι
2157 2857 2206 2907 6.
2245 2852 2523 2906 Anthioci.
2574 2850 2584 2918 Ι
2633 2855 2683 2905 7.
2721 2852 2780 2905 in

380 2940 504 2991 add.
540 2938 611 2990 H.
647 2939 693 2990 Ι.
734 2938 926 2991 Μϋίἰεν
962 2941 1025 2991 cl.
1062 2940 1321 2992 XXXXI
1324 2941 1387 3006 V,
1423 2938 1516 3007 38,
1553 2940 1668 2993 11*.
1718 2937 1727 3005 Ι
1776 2942 1825 2992 8.
1864 2939 2355 2993 essenisireuicere.
2407 2937 2415 3004 Ι
2476 2942 2525 2993 9.
2566 2940 2781 3009 coepis-

381 3024 1441 3093 senteoagirenixaefaciundumestseut,
1490 3044 1627 3079 corr.
1664 3028 1741 3080 ed.
1780 3027 1909 3078 Bas.
1949 3025 2114 3079 1531.
2165 3027 2175 3091 Ι
2226 3029 2306 3079 11.
2346 3030 2727 3093 ort-anamque.
2764 3023 2775 3094 Ι

382 3110 508 3179 lega
524 3109 955 3195 lltisaromanis*.
986 3109 997 3180 Ι
1032 3116 1111 3165 12.
1151 3114 1587 3168 adornationem.
1622 3110 1633 3179 Ι
1666 3115 1746 3167 14.
1776 3114 1917 3183 fort.
1955 3117 2300 3168 momentum
2326 3111 2459 3166 fecit
2482 3115 2558 3166 vel
2583 3112 2781 3167 habuit

379 3214 614 3284 Madviy.
647 3214 656 3281 Ι
691 3217 772 3269 15.
807 3216 1429 3299 regibussillyriorum*.
1458 3220 1466 3284 Ι
1507 3222 1587 3272 16.
1625 3217 1786 3271 redit.
1819 3215 1828 3284 Ι
1864 3220 1943 3270 17.
1982 3216 2352 3283 adconloquio
2390 3213 2443 3282 (a
2480 3216 2781 3284 conloquio

378 3322 457 3372 ed.
491 3320 623 3372 Bas.
666 3317 849 3386 1531),
884 3338 1016 3374 corr.
1044 3322 1298 3389 Kreyssiq
1337 3318 1434 3390 (eff.
1460 3322 1672 3390 Fiiqner
1696 3321 1821 3374 Lex.
1842 3339 1900 3390 p.
1934 3319 2054 3385 12).
2088 3318 2097 3387 Ι
2131 3322 2212 3373 18.
2240 3320 2779 3375 deincohortiscum*

380 3405 481 3476 (cs.
522 3407 797 3459 Gitlbauer
828 3426 884 3475 p.
924 3406 1041 3474 76).
1074 3406 1083 3475 Ι
1118 3412 1198 3461 19.
1248 3407 2373 3477 Byzantiumetrhodumetlegatiferendas
2424 3407 2781 3475 (Byzantium

381 3496 439 3547 et
472 3493 732 3547 Rhodum
767 3494 985 3548 litteras
1022 3496 1224 3562 legatis
1261 3495 1519 3549 ferendas
1555 3498 1632 3548 ed.
1671 3497 1803 3549 Bas.
1830 3491 2026 3562 1531),
2063 3494 2394 3562 Byzantium
2438 3498 2494 3547 et
2518 3493 2781 3548 Rhodum

380 3580 473 3643 <et
515 3580 730 3634 litteras
779 3582 1035 3648 scripsit>
1079 3587 1135 3637 et
1181 3584 1382 3650 legatis
1431 3583 1688 3637 ferendas
1751 3583 2108 3636 Weissenborn
2153 3584 2210 3635 in
2257 3584 2400 3649 adn„
2447 3581 2781 3649 Byzantium

380 3671 437 3720 et
482 3667 742 3722 Rhodum
790 3672 846 3721 et
894 3668 986 3732 <in
1033 3670 1168 3724 alias
1217 3669 1475 3724 civitates
1525 3671 1743 3724 litteras
1794 3670 1863 3724 de
1899 3670 2092 3724 eadem
2134 3687 2196 3723 re
2232 3669 2468 3736 dimisit3
2518 3670 2781 3724 Rhodum

380 3754 582 3817 etiam>
618 3754 817 3822 legatis
853 3754 1111 3810 ferendas
1145 3758 1314 3826 suppl.
1356 3757 1575 3824 Madvig]
1613 3757 1731 3809 Em.
1769 3757 1832 3808 L.
1867 3775 1920 3824 p.
1960 3754 2074 3810 648
2113 3754 2345 3825 (aliquid
2377 3758 2425 3808 h.
2463 3758 2497 3808 l.
2535 3773 2781 3809 mancum

380 3858 485 3894 asse
509 3843 617 3894 iam
654 3844 854 3895 viderat
894 3840 1099 3896 Cre'vier
1135 3845 1197 3896 cl.
1238 3843 1415 3912 Polyb.
1456 3844 1702 3909 XXVII,
1742 3843 1820 3908 4).
1877 3840 1885 3909 Ι
1919 3846 2001 3898 20.
2040 3843 2238 3898 omnis.
