3005 4257
447 183 532 248 66
984 180 1206 236 LIBER
1244 171 1599 236 XL11.'CAP.
1642 183 1726 234 52.
1764 182 1849 235 53.
1889 181 1958 251 [a.
1997 184 2062 238 U.
2102 199 2147 235 ο.
2186 179 2311 248 583]

447 355 573 438 qui,
621 356 878 439 Europa
923 353 1091 419 omni
1124 352 1382 434 domita,
1428 351 1809 435 transgressi
1838 352 1904 416 in
1936 352 2157 418 Asiam
2185 353 2579 435 incognitum
2623 353 2839 418 famae

447 441 805 526 aperuerint
834 440 1023 505 armis
1056 441 1272 505 orbem
1300 448 1624 520 terrarum,
1670 460 1787 504 nec
1819 446 1965 505 ante
1996 440 2248 506 vincere
2280 439 2597 521 desierint,
2646 460 2842 522 quam

369 552 420 590 15
446 529 659 597 Rubro
706 527 862 591 mari
908 526 1185 607 inclusis,
1256 526 1427 609 quod
1471 527 1812 606 vincerent,
1875 525 2166 591 defuerit.
2230 534 2295 590 at
2353 525 2609 591 hercule
2670 547 2840 592 nunc

445 638 572 680 non
617 614 696 680 de
741 614 975 679 ultimis
1007 613 1231 677 Indiae
1278 613 1423 694 oris,
1478 612 1593 678 sed
1625 612 1705 678 de
1735 612 1933 696 ipsius
1967 613 2379 678 Macedoniae
2431 614 2840 697 possessione

446 709 763 767 certamen
830 701 1147 765 fortunam
1210 699 1538 765 indixisse.
1600 720 1743 765 eum
1807 706 1987 783 patre
2055 720 2169 765 suo
2239 707 2531 781 gerentes
2600 700 2842 764 bellum
2868 724 2893 758 ⁶

444 790 764 861 Romanos
833 787 1190 871 speciosum
1251 786 1559 851 Graeciae
1641 786 2007 851 liberandae
2076 786 2469 871 praetulisse
2551 786 2839 850 titulum:

367 896 416 934 ιε
443 896 608 939 nunc
653 874 984 959 propalam
1014 872 1456 938 Macedoniam
1499 873 1566 936 in
1610 873 1976 938 servitutem
2020 880 2255 957 petere,
2309 893 2389 938 ne
2433 893 2547 938 rex
2590 872 2841 938 vicinus

441 961 705 1046 imperio
753 961 834 1037 sit
878 961 1185 1041 Romano,
1254 981 1333 1024 ne
1380 980 1539 1042 gens
1598 959 1766 1024 bello
1826 959 2054 1024 nobilis
2115 980 2292 1024 arma
2359 960 2611 1024 habeat.
2675 958 2842 1024 haec

444 1049 611 1113 enim
654 1045 968 1112 tradenda
1013 1047 1298 1131 superbis
1345 1046 1616 1111 dominis
1664 1065 1804 1111 esse
1849 1065 1992 1110 cum
2036 1066 2191 1129 rege
2235 1067 2581 1129 regnoque,
2629 1047 2688 1110 si
2734 1047 2843 1111 ab·

445 1135 665 1199 sistere
711 1135 879 1199 bello
927 1141 990 1198 et
1035 1134 1247 1199 facere
1290 1133 1602 1216 imperata
1646 1132 1860 1198 velint.
2873 1154 2924 1191 ιο

393 1317 414 1355 1
651 1299 825 1363 LIII.
874 1297 1033 1363 Cum
1076 1318 1191 1382 per
1251 1319 1500 1363 omnem
1562 1297 1911 1363 orationem
1969 1297 2124 1363 satis
2187 1298 2501 1379 frequenti
2561 1296 2843 1363 adsensu

444 1385 897 1451 succlamatum
942 1393 1127 1464 esset,
1195 1392 1329 1448 tum
1372 1405 1523 1449 vero
1571 1406 1649 1450 ea
1694 1384 2065 1450 vociferatio
2128 1384 2313 1449 simul
2371 1385 2844 1467 indignantium

443 1472 1008 1554 minitantiumque,
1054 1470 1285 1555 partim
1328 1471 1675 1536 iubentium
1719 1472 1955 1536 bonum
2000 1471 2278 1536 animum
2332 1471 2567 1536 habere
2597 1492 2840 1554 regem,

395 1577 419 1615 2
448 1566 669 1624 exorta
714 1566 829 1639 est,
876 1566 945 1622 ut
988 1558 1177 1622 finem
1208 1556 1457 1622 dicendi
1490 1558 1747 1638 faceret,
1795 1565 2039 1627 tantum
2082 1557 2270 1623 iussis
2316 1557 2403 1622 ad
2446 1559 2565 1623 iter
2593 1559 2839 1642 parari;

443 1646 571 1709 iam
616 1646 782 1709 enim
828 1643 954 1710 dici
998 1665 1256 1709 movere
1317 1652 1526 1708 castra
1584 1645 1665 1709 ab
1710 1643 2096 1729 Nymphaeo
2143 1645 2481 1713 Romanos.
2553 1646 2842 1710 contione
2873 1665 2924 1702 15

446 1731 726 1812 dimissa,
774 1731 860 1795 ad
904 1730 1256 1796 audiendas
1284 1730 1657 1812 ,legationes
1715 1731 2082 1810 civitatium,
2114 1730 2531 1796 Macedoniae
2577 1751 2647 1796 se
2694 1752 2843 1797 con-

395 1837 420 1876 s
447 1819 609 1887 tulit.
652 1825 959 1883 venerant
1003 1825 1216 1882 autem
1261 1817 1347 1880 ad
1390 1817 1711 1902 pecunias,
1764 1839 1880 1902 pro
1928 1818 2331 1883 facultatibus
2365 1838 2654 1900 quaeque
2687 1819 2842 1898 suis,

448 1913 510 1970 et
569 1905 952 1970 frumentum
1009 1904 1438 1989 pollicendum
1495 1905 1582 1968 ad
1638 1905 1894 1972 bellum.
1966 1905 2253 1970 omnibus
2322 1905 2567 1987 gratiae
2603 1912 2841 1985 actae,

395 2011 421 2048 4
445 1991 778 2063 remissum
822 1991 1146 2072 omnibus;
1202 1990 1356 2056 satis
1401 1991 1615 2073 regios
1662 1998 2004 2076 apparatus
2036 1990 2121 2056 ad
2150 2013 2229 2056 ea
2260 1991 2497 2056 dictum
2527 1991 2839 2057 sufficere.

444 2078 739 2145 vehicula
784 2086 1029 2144 tantum
1072 2078 1401 2163 imperata,
1469 2084 1540 2142 ut
1583 2084 1896 2143 tormenta
1939 2078 2333 2160 telorumque
2378 2078 2709 2144 missilium
2753 2079 2847 2144 in·
2875 2098 2925 2137 20

444 2174 700 2249 gentem
730 2166 861 2230 vim
891 2172 1340 2250 praeparatam
1368 2165 1805 2247 bellicumque
1830 2166 2004 2230 aliud
2027 2165 2511 2230 instrumentum
2534 2165 2846 2231 veherent

389 2343 416 2382 5
649 2320 979 2386 Profectus
1024 2319 1173 2385 inde
1219 2327 1352 2386 toto
1399 2320 1697 2402 exercitu,
1759 2309 2137 2398 Eordaeam,
2162 2329 2408 2406 petenS,
2434 2293 2438 2300 ι
2465 2320 2551 2386 ad
2596 2322 2837 2405 Begor-

440 2408 626 2488 ritim,
696 2427 885 2489 quem
929 2414 1179 2487 vocant,
1224 2408 1433 2471 lacum
1463 2407 1685 2491 positis
1716 2407 1957 2489 castris,
2004 2416 2260 2492 postero
2292 2407 2396 2473 die
2425 2408 2493 2473 in
2522 2405 2839 2474 Elimeam

389 2517 416 2556 e
441 2495 526 2559 ad
570 2496 989 2559 Haliacmona
1031 2493 1292 2558 fluvium
1333 2494 1661 2577 processit.
1716 2493 1946 2559 deinde
1992 2495 2158 2559 saltu
2202 2502 2475 2577 angusto
2522 2496 2839 2579 superatis

652 2794 697 2843 1.
769 2789 1406 2856 initaliamincognitum.
1460 2787 1471 2854 Ι
1525 2789 1671 2843 fama
1730 2791 1859 2843 coni.
1902 2790 2164 2859 Siyonius.
2250 2789 2259 2855 Ι
2331 2792 2379 2843 2.
2420 2795 2779 2857 aperuerunt.
2830 2788 2841 2859 Ι

439 2876 1011 2944 terrarumnegante*.
1061 2875 1069 2942 Ι
1115 2880 1162 2931 3.
1200 2877 1430 2931 inclusa.
1474 2875 1484 2943 Ι
1529 2877 1823 2931 defuerint.
1873 2877 1883 2943 1
1932 2878 2017 2931 ad.
2068 2876 2076 2944 Ι
2123 2880 2173 2932 4.
2229 2894 2343 2931 non
2397 2879 2518 2931 add.
2573 2880 2651 2930 ed.
2708 2879 2842 2930 Bas,

441 2963 606 3017 1531.
662 2962 673 3029 Ι
726 2964 966 3033 Indicae,
1020 2981 1155 3017 corr.
1205 2965 1546 3018 Vascosanus.
1604 2964 1613 3029 Ι
1667 2965 1715 3018 5.
1755 2964 1995 3019 fortuna.
2052 2962 2061 3031 Ι
2116 2965 2381 3033 gerentis.
2436 2963 2446 3031 Ι
2496 2967 2543 3017 6.
2594 2965 2843 3020 liberan-

441 3052 758 3119 daetulisse,
794 3052 1116 3107 liberandae
1152 3053 1483 3121 praetulisse
1521 3053 1567 3105 I.
1593 3053 1655 3105 F.
1682 3053 1992 3105 GronoviuS.
2043 3052 2052 3119 Ι
2102 3057 2149 3107 7.
2176 3053 2842 3137 peterentrexuicinius*.

444 3153 455 3222 Ι
493 3158 541 3209 8.
578 3156 1064 3225 bellonobisarma,
1119 3158 1191 3230 cf.
1233 3158 1508 3210 Gitlbauer
1554 3177 1611 3226 p.
1651 3155 1745 3210 66.
1812 3156 1820 3223 Ι
1885 3157 2370 3211 haecintradenda.
2438 3155 2446 3223 Ι
2531 3160 2580 3212 9.
2636 3174 2843 3226 regno-

441 3261 599 3311 quae.
643 3240 650 3310 Ι
694 3243 742 3297 si
777 3247 898 3297 add.
937 3247 1014 3297 ed.
1051 3244 1184 3297 Bas,
1223 3242 1389 3297 1531.
1433 3241 1442 3309 Ι
1495 3248 1575 3297 12.
1614 3248 1735 3297 tum
1770 3261 1908 3299 vero
1944 3245 2051 3309 <ad
2086 3244 2223 3298 haec
2260 3244 2545 3308 extrema>
2584 3261 2651 3298 ea
2684 3247 2842 3300 voci-

438 3330 641 3385 feratio
677 3333 806 3383 coni.
846 3330 1066 3400 Madvig]
1104 3332 1222 3384 Em.
1261 3332 1324 3383 L.
1364 3350 1421 3400 p.
1459 3329 1596 3385 652.
1651 3328 1661 3397 1
1719 3334 1800 3384 14.
1838 3331 2037 3385 facere.
2094 3328 2104 3397 Ι
2159 3330 2556 3400 aditerparere,
2606 3331 2679 3385 ad
2728 3333 2842 3387 iter

437 3433 637 3485 parare
684 3420 760 3470 ed.
798 3418 927 3470 Bas.
974 3415 1132 3483 1531,
1183 3418 1254 3471 ad
1290 3417 1398 3471 iter
1433 3418 1619 3486 parari
1665 3419 1943 3486 Siyonius,·
1999 3419 2235 3488 Madvi9‚
2286 3418 2397 3471 iter
2431 3435 2630 3485 parare
2682 3418 2840 3472 Cobet

439 3504 633 3557 Blnem.
672 3502 823 3556 1882
854 3523 909 3573 p.
950 3502 1074 3557 116.
1108 3501 1116 3569 Ι
1152 3508 1233 3558 15.
1272 3504 1583 3573 Nympheo.
1618 3502 1626 3571 Ι
1659 3505 1916 3559 contione
1952 3508 2075 3558 add.
2114 3508 2192 3557 ed.
2230 3506 2357 3558 Bas.
2392 3503 2556 3558 1531.
2589 3503 2598 3571 Ι
2634 3508 2716 3560 16.
2756 3506 2839 3561 le-

437 3590 738 3671 gatisones,
809 3593 879 3661 qf.
954 3592 1228 3644 Gitlbauer
1293 3611 1350 3662 p.
1424 3592 1510 3645 70.
1539 3589 1552 3657 Ι
1586 3595 1667 3645 19.
1724 3592 2499 3660 satisregionibusapparatus.
2548 3591 2556 3656 Ι
2604 3595 2690 3646 20.
2734 3592 2837 3646 im-

437 3700 746 3764 perataaut.
802 3695 811 3762 Ι
865 3696 1303 3764 telorumquae*.
1360 3696 1368 3762 Ι
1422 3699 1508 3749 21.
1557 3696 1823 3750 bellicum
1841 3694 1858 3764 ΙΙ
1879 3694 2246 3763 quaealium*.
2320 3694 2329 3762 Ι
2401 3699 2486 3750 22.
2541 3697 2802 3751 exercitu
2820 3694 2838 3762 ΙΙ

438 3781 728 3837 sordeam*
792 3781 1089 3849 (Eoi-deam
1142 3786 1219 3836 ed.
1280 3784 1410 3837 Bas.
1465 3781 1655 3850 1531),
1726 3802 1862 3837 corr.
1933 3784 2325 3836 Drakenborch.
2381 3780 2390 3849 Ι
2440 3786 2523 3836 23.
2575 3783 2779 3839 locum.
2820 3782 2829 3850 Ι

441 3867 1294 3939 Helymeamadhalicammona*.
