3005 4257
770 193 991 247 LIBER
1027 193 1191 246 XLII.
1231 193 1385 247 CAP.
1423 196 1471 246 2.
1512 196 1559 246 3.
1601 191 1672 260 [a.
1710 194 1775 248 U.
1816 210 1860 246 c.
1899 190 2024 259 581]
2567 194 2608 257 3

211 397 403 462 deum
472 398 604 483 peti
662 399 1152 485 precationibus,
1224 399 1332 483 qui
1402 399 1558 464 editi
1619 420 1699 463 ex
1765 400 2070 464 fatalibus
2130 399 2310 464 libris
2371 404 2602 478 essent,

209 485 471 568 placuit.
545 486 790 552 Lanuvi
836 486 1061 557 classis
1108 506 1383 570 magnae
1429 486 1681 587 species
1726 485 1792 550 in
1840 487 2020 551 caelo
2065 487 2207 550 visa
2252 451 2602 566 dicebatur,
2635 506 2661 543 4

216 578 281 637 et
313 572 604 637 Priverni
649 574 800 638 lana
845 574 1022 658 pulla
1066 581 1236 638 terra
1283 578 1488 653 enata,
1539 580 1605 638 et
1649 573 1716 636 in
1748 573 2002 638 Veienti
2032 573 2207 657 apud
2236 573 2610 637 Rementem

211 659 603 744 lapidatum;
652 661 1057 745 Pomptinum
1089 680 1273 725 omne
1303 659 1479 725 velut
1510 659 1786 725 nubibus
1817 661 2208 724 lucustarum
2240 667 2609 744 coopertum
2636 677 2662 717 5

158 765 183 804 5
216 765 390 829 esse3
438 747 504 810 in
551 747 795 812 Gallico
842 766 1018 831 agr0,
1062 768 1198 830 qua
1244 747 1651 812 induceretur
1681 755 1980 828 aratrum,
2032 748 2151 811 sub
2184 746 2608 811 existentibus

209 796 441 915 glebis
470 833 680 918 pisces
748 834 1104 899 emersisse.
1176 835 1256 899 ob
1304 833 1465 898 haec
1511 834 1812 918 prodigia
1857 832 2004 898 libri
2050 833 2282 897 fatales
2313 832 2605 917 inspecti,
2637 852 2661 890 6

208 919 579 1002 editumque
626 921 709 985 ab
756 920 1137 987 decemviris
1205 930 1318 1000 est,
1385 927 1447 984 et
1493 920 1724 1003 quibus
1770 917 1894 985 diis
1956 921 2318 1002 quibusque
2378 919 2607 984 hostiis

209 1006 692 1087 sacrificaretur,
729 1015 793 1072 et
824 1014 895 1072 ut
919 1008 1310 1092 supplicatio
1323 1007 1642 1092 prodigiis
1668 1006 2003 1091 expiandis
2028 1006 2223 1087 fieret,
2253 1007 2605 1087 alteraque,
2636 1024 2659 1062 ⁷

124 1156 127 1161 .
209 1116 378 1177 quae
437 1094 649 1178 priore
708 1114 875 1160 anno
918 1094 1312 1159 valetudinis
1374 1095 1593 1179 populi
1655 1115 1851 1159 causa
1909 1099 2065 1159 vota
2124 1100 2316 1171 esset,
2377 1114 2453 1158 ea
2515 1094 2609 1157 uti

133 1199 183 1236 10
210 1179 386 1244 fieret
435 1181 789 1265 feriaeque
857 1189 1088 1246 essent.
1158 1182 1378 1262 itaque
1440 1180 1868 1246 sacrificatum
1937 1188 2053 1260 est,
2124 1187 2195 1245 ut
2261 1180 2606 1245 decemviri

213 1268 524 1351 scriptum
571 1266 922 1332 ediderant.

418 1424 534 1488 III.
583 1423 828 1489 Eodem
872 1444 1039 1490 anno
1086 1424 1268 1490 aedis
1315 1425 1580 1490 Iunonis
1629 1424 1934 1489 Laciniae
1983 1425 2253 1489 detecta.
2335 1423 2409 1500 Q.
2459 1424 2604 1487 Ful·
2633 1441 2655 1477 1

205 1510 350 1574 vius
382 1510 656 1575 Flaccus
690 1531 916 1576 censor
945 1511 1168 1576 aedem
1198 1512 1526 1577 Fortunae
1573 1511 1911 1594 equestriS,
1960 1531 2152 1593 quam
2197 1510 2262 1574 in
2293 1510 2607 1594 Hispania

207 1602 467 1681 praetor
511 1597 679 1662 bello
713 1597 1095 1663 Celtiberico
1139 1606 1425 1678 voverat,
1477 1597 1757 1662 faciebat
1804 1598 1990 1662 enixo
2037 1597 2268 1682 studio,
2298 1618 2379 1662 ne
2410 1597 2607 1661 ullum

131 1700 182 1739 15
208 1683 453 1748 Romae
500 1685 776 1768 amplius
822 1691 934 1749 aut
978 1685 1495 1768 magnificentius
1540 1684 1852 1769 templum
1898 1692 2085 1749 esset.
2161 1705 2465 1768 magnum
2513 1703 2607 1749 or-
2635 1699 2660 1737 2

208 1775 431 1834 natum
477 1771 536 1835 ei
582 1772 818 1856 templo
849 1779 1027 1837 ratus
1060 1771 1481 1850 adiecturum,
1533 1772 1588 1836 si
1633 1772 1894 1854 tegulae
1940 1790 2336 1836 marmoreae
2369 1778 2605 1850 essent,

210 1857 536 1942 profectus
566 1857 632 1921 in
663 1858 948 1925 Bruttios
977 1858 1206 1924 aedem
1236 1858 1497 1923 Iunonis
1533 1857 1834 1923 Laciniae
1882 1857 1967 1922 ad
1998 1866 2243 1942 partem
2277 1856 2604 1922 dimidiam

210 1944 476 2027 detegit,
547 1944 615 2008 id
676 1945 835 2009 satis
896 1947 1031 2011 fore
1091 1953 1267 2010 ratus
1329 1945 1414 2009 ad
1473 1944 1839 2028 tegendum,
1912 1944 2084 2027 quod
2142 1943 2604 2009 aedificaretur.

208 2049 408 2095 naves
434 2040 698 2116 paratae
730 2031 1008 2112 fuerunt,
1041 2053 1206 2115 quae
1237 2033 1534 2097 tollerent
1557 2039 1751 2114 atque
1774 2037 2200 2117 asportarent,
2223 2032 2603 2096 auctoritate
2633 2045 2659 2085 3

420 2323 465 2373 1.
503 2320 901 2388 praecationib.
927 2317 943 2387 ΙΙ
969 2320 1244 2387 queediti*
1290 2322 1454 2388 (quae
1505 2322 1686 2374 editae
1723 2324 1800 2374 ed.
1852 2321 1983 2373 Bas.
2032 2318 2227 2385 1531),
2279 2338 2414 2373 corr.
2456 2321 2501 2372 Ι.
2542 2321 2605 2373 F.

209 2407 507 2460 Gronovius
529 2402 536 2472 Ι
561 2410 608 2459 2.
637 2407 816 2460 Lanui
833 2405 838 2473 Ι
857 2407 1007 2461 uisae
1029 2408 1378 2473 dicebantur,
1397 2407 1517 2461 visa
1536 2407 1827 2461 dicebatur
1844 2409 1976 2460 coni.
1998 2408 2043 2459 Ι.
2063 2408 2127 2461 F.
2151 2408 2443 2460 Gronovius
2455 2408 2607 2475 prob.

206 2494 276 2547 H.
289 2494 336 2546 Ι.
350 2492 599 2547 Μᾶῖῑεν*.
634 2492 643 2561 Ι
676 2496 723 2547 3.
737 2494 1108 2547 terrenaetin*
1140 2491 1147 2560 Ι
1177 2495 1325 2561 apud
1340 2495 1656 2548 Cremeram
1673 2513 1814 2564 susp.
1832 2494 2102 2547 Cluverius
2132 2491 2141 2557 Ι
2172 2498 2221 2547 4.
2236 2494 2571 2547 Pomtinum.
2598 2492 2603 2562 Ι

206 2582 466 2635 nouibuS.
523 2580 532 2647 Ι
586 2583 930 2635 lucustarum
987 2580 1086 2652 (cf.
1144 2583 1375 2650 Georyes
1425 2583 1619 2649 Wortf.
1666 2601 1723 2651 p.
1773 2580 1906 2649 394,
1950 2583 2089 2635 Stolz
2124 2583 2238 2634 hist.
2280 2582 2515 2634 Gramm.
2547 2600 2606 2651 p.

206 2665 371 2734 298),
383 2668 726 2722 locustarum
739 2672 816 2722 ed.
835 2670 964 2721 Bas.
980 2668 1145 2723 1531.
1163 2665 1172 2737 Ι
1191 2674 1238 2723 5.
1259 2670 1362 2723 sub
1383 2670 1731 2724 exstantibus
1749 2671 1881 2724 coni.
1900 2671 2087 2723 Duker
2103 2665 2114 2736 Ι
2129 2671 2177 2721 6.
2186 2678 2307 2739 post
2320 2669 2608 2723 emersisse

204 2756 438 2823 spatium
474 2773 692 2808 vacuum
738 2756 778 2809 5
812 2758 1107 2808 litterarum
1148 2758 1203 2809 in
1237 2758 1352 2824 fine
1401 2774 1528 2809 vers.
1536 2757 1564 2789 *
1620 2754 1629 2823 Ι
1687 2761 1734 2810 7.
1772 2756 2200 2823 edictumquem.
2245 2743 2263 2819 Ἰ
2320 2755 2610 2808 abdecem-

208 2858 703 2927 uirisetexquibus,
780 2876 915 2914 corr.
992 2864 1069 2914 ed.
1144 2860 1277 2914 Bas
1340 2859 1506 2914 1531.
1568 2858 1577 2927 Ι
1637 2843 1918 2914 hosteiis*.
1971 2859 2076 2926 18.
2109 2860 2606 2928 supplicatioque*‚

206 2962 346 2997 corr.
395 2947 473 2997 ed.
522 2945 653 2997 Bas.
702 2944 868 3011 1531,
907 2947 1247 3015 supplicatio
1284 2964 1507 3014 quoque
1545 2948 1840 3000 dubitanter
1875 2947 2095 3014 Madviq
2131 2948 2250 2998 Em.
2275 2947 2339 2999 L.
2358 2964 2416 3015 p.
2454 2943 2602 3010 6181

207 3048 738 3118 anlteraquepriore‚
753 3067 888 3104 corr.
902 3050 1183 3119 Madviql.
1203 3053 1236 3103 l.
1289 3048 1297 3117 Ι
1347 3054 1395 3103 9.
1413 3051 1831 3104 anualetudinis
1879 3048 1888 3116 Ι
1935 3054 2268 3104 uotaetesse.
2320 3048 2328 3115 Ι
2375 3048 2608 3102 utifieri-

209 3151 385 3202 aeque
435 3133 542 3200 (uti
575 3136 859 3203 feriaeque
897 3140 974 3190 ed.
1016 3138 1140 3189 Bas,
1180 3136 1374 3203 1531),
1412 3155 1563 3205 corr.
1589 3138 1748 3190 Hertz
1780 3136 1789 3201 Ι
1823 3141 1903 3190 10.
1936 3135 2606 3203 itasacrificatumqueest,

208 3238 348 3274 corr.
385 3224 464 3275 ed.
502 3222 631 3275 Bae.
669 3221 820 3276 1531
867 3222 965 3289 (ita
1001 3224 1443 3293 <supplicatum>
1493 3224 1977 3291 sacrificatumque
2033 3228 2116 3276 cst
2163 3241 2303 3292 swp.
2354 3223 2607 3276 Weissen-

210 3308 339 3361 born
386 3310 442 3360 in
478 3312 603 3362 adn.
639 3311 716 3363 ed.
768 3309 981 3363 Weidm.
1016 3328 1070 3379 p.
1108 3308 1201 3375 63,
1249 3311 1331 3364 ita
1379 3309 1755 3364 sacrificatum
1802 3309 2360 3379 <supplicatum>que
2414 3314 2499 3362 est
2538 3310 2605 3361 H.

211 3411 257 3465 I.
283 3410 534 3476 Mu‘ller*)
556 3409 562 3480 Ι
587 3410 962 3480 decemuiris!
988 3417 1067 3468 11.
1096 3414 1411 3483 ediderunt,
1436 3431 1573 3468 corr.
1597 3414 1818 3484 Madviy
1843 3416 1877 3467 l.
1902 3416 1935 3465 l.
1969 3412 1978 3481 Ι
2012 3417 2092 3467 12.
2120 3395 2528 3468 eodemeoanno
2594 3409 2600 3478 Ι

214 3519 295 3570 13.
307 3514 658 3586 Hispaniam!
687 3521 765 3572 14.
782 3519 1186 3572 studionullum
1218 3516 1227 3585 Ι
1260 3521 1342 3573 15.
1370 3501 1948 3585 autamagnificentius
1978 3500 2174 3585 {essetf
2205 3515 2213 3585 Ι
2245 3535 2420 3571 ornan
2444 3515 2460 3582 ΙΙ
2486 3522 2604 3571 tum

213 3602 623 3669 (ornamentum
671 3607 748 3658 ed.
792 3606 921 3659 Bas,
958 3605 1125 3673 1531,
1178 3607 1453 3659 G'itlbauer
1480 3624 1541 3676 p.
1570 3603 1727 3673 105),
1777 3623 1911 3659 corr.
1948 3605 2169 3672 Madviy
2205 3607 2239 3659 l.
2278 3606 2311 3656 l.
2342 3623 2402 3674 p.
2440 3603 2552 3657 619
2593 3601 2598 3669 Ι

214 3693 298 3744 16.
317 3697 373 3745 et
407 3692 620 3761 templo
643 3690 722 3758 (se
742 3694 956 3761 templo
987 3696 1064 3745 ed.
1085 3694 1213 3745 Bas.
1236 3691 1429 3759 1531),
1461 3710 1599 3745 corr.
1639 3693 1892 3760 Kreyssiy
1922 3689 1931 3758 Ι
1961 3692 2154 3759 iratuS,
2186 3709 2319 3745 corr.
2358 3694 2435 3744 ed.
2472 3691 2601 3744 Βαε.

212 3776 325 3832 153
334 3780 360 3830 I
374 3777 473 3846 (ita
486 3784 645 3833 ratus
656 3781 787 3832 coni.
803 3780 862 3831 K
860 3797 914 3831 re
915 3779 1096 3848 μεεὶρ).
1118 3776 1124 3846 Ι
1157 3783 1181 3831 1
1190 3782 1236 3832 7.
1252 3779 1714 3834 Brittiosaedem*
1729 3776 1735 3847 Ι
1750 3779 2012 3833 Liciniae.
2031 3775 2037 3845 Ι
2071 3781 2149 3831 19.
2166 3779 2573 3845 quetollerent*
2592 3772 2600 3842 Ι

212 3864 795 3935 adquaeesportarent.

2334 3969 2393 4019 1*
