3005 4257
393 156 476 218 28
918 170 1145 234 LIBER
1184 170 1382 237 xle.
1423 170 1588 224 CAP.
1630 171 1713 224 19.
1754 171 1839 232 20.
1879 173 1950 239 [a.
1994 171 2057 224 U.
2097 187 2142 224 ο.
2182 172 2308 240 586]

395 349 598 412 barba
661 354 724 411 et
789 349 1025 430 capillo
1090 348 1420 430 promissO,
1487 370 1633 414 cum
1697 349 1895 414 ramis
1961 351 2144 414 oleae
2211 351 2487 434 ingressi
2553 353 2802 416 curiam

329 460 354 503 s
394 438 886 519 procubuerunt,
926 444 989 501 et
1027 438 1230 503 oratio
1271 459 1465 520 quam
1502 439 1764 502 habitus
1803 437 1925 502 fuit
1964 440 2409 504 miserabilior.
2447 440 2803 508 Antiochus

393 526 620 609 Syriae
685 547 816 605 rex,
892 526 1001 607 qui
1067 527 1256 592 obses
1321 530 1568 591 Romae
1634 528 1860 608 fuerat,
1936 548 2048 611 per
2115 528 2449 594 honestam
2515 532 2800 613 speciem

394 616 655 680 maioris
721 616 1076 680 Ptolemaei
1131 616 1485 680 reducendi
1551 617 1616 680 in
1684 638 1971 699 regnum,
2037 619 2278 682 bellum
2343 640 2488 683 cum
2557 621 2799 685 minore

392 703 586 769 fratre
628 704 782 785 eius,
820 705 933 786 qui
960 711 1095 768 tum
1134 706 1601 771 Alexandriam
1632 708 1912 784 tenebat,
1954 727 2207 788 gerens,
2248 714 2313 771 et
2352 708 2436 771 ad
2467 709 2796 775 Pelusium
2859 726 2885 767 5
2997 754 2998 757 κ

328 816 353 858 9
393 794 610 857 navali
649 793 891 875 proelio
929 795 1175 858 vicerat
1215 802 1277 858 et
1307 796 1721 861 tumultuario
1763 816 1952 880 opere
1990 803 2183 878 ponte
2222 818 2337 879 per
2366 797 2587 862 Nilum
2626 799 2800 863 facto
2988 766 2999 833 l

391 892 836 964 transgressus
875 904 1018 947 cum
1050 884 1338 948 exercitu
1368 885 1704 949 obsidione
1742 886 1948 967 ipsam
1978 886 2455 950 Alexandream
2493 889 2798 964 terrebat,

393 993 509 1036 nec
548 973 771 1055 procul
810 974 1059 1051 abesse,
1095 974 1253 1053 quin
1292 980 1617 1056 poteretur
1653 995 1854 1056 regno
1894 975 2399 1056 opulentissimo,
2437 976 2798 1043 videbatur.

300 1084 352 1125 10
390 1082 466 1124 ea
514 1062 713 1144 legati
762 1074 1104 1142 querentes
1144 1063 1416 1126 orabant
1456 1071 1769 1142 senatum,
1818 1070 1886 1127 ut
1935 1084 2122 1146 opem
2161 1084 2359 1148 regno
2408 1066 2799 1148 regibusque

301 1171 349 1215 11
393 1151 622 1214 amicis
689 1151 960 1233 imperio
1017 1152 1308 1215 Romano
1363 1152 1621 1216 ferrent.
1690 1173 1768 1216 ea
1836 1154 2065 1217 merita
2122 1154 2343 1236 populi
2399 1156 2672 1220 Romani
2730 1157 2798 1219 in
2837 1169 2887 1212 10

319 1274 325 1279 ·
389 1238 795 1318 Antiochum,
844 1260 988 1304 eam
1037 1241 1211 1322 apud
1260 1261 1480 1305 omnes
1518 1261 1703 1322 reges
1742 1250 2099 1324 gentesque
2137 1244 2592 1319 auctoritatem
2632 1265 2796 1318 esse,

389 1334 479 1407 ut,
538 1329 593 1393 si
651 1329 900 1410 legatos
960 1329 1301 1409 misissent,
1349 1331 1458 1412 qui
1516 1331 1576 1393 ei
1628 1331 2011 1412 nuntiarent,
2061 1352 2186 1395 non
2235 1334 2493 1415 placere
2543 1336 2796 1398 senatui

390 1418 585 1482 sociis
652 1419 914 1500 regibus
977 1419 1218 1482 bellum
1283 1420 1436 1499 fieri,
1504 1420 1827 1502 extemplo
1894 1422 2313 1486 abscessurus
2369 1443 2409 1486 a
2464 1425 2798 1489 moenibus

300 1525 351 1567 12
389 1507 840 1571 Alexandreae
889 1508 1413 1590 abducturusque
1461 1510 1812 1574 exercitum
1861 1509 1928 1574 in
1976 1511 2231 1592 Syriam
2280 1518 2464 1578 esset.
2523 1512 2694 1594 quod
2740 1514 2796 1578 si

391 1603 766 1660 cunctentur
821 1596 1053 1676 facere,
1121 1598 1301 1661 brevi
1368 1604 1657 1662 extorres
1722 1620 1921 1682 regno
1985 1600 2425 1665 Ptolemaeum
2492 1609 2555 1665 et
2620 1602 2797 1667 Oleo-
2835 1616 2886 1659 15

391 1693 641 1767 patram
689 1687 960 1750 Romam
1007 1695 1331 1767 venturos,
1391 1708 1537 1751 cum
1592 1688 1837 1770 pudore
1897 1689 2177 1770 quodam
2234 1691 2454 1773 populi
2503 1692 2795 1771 Romani,

392 1774 561 1855 quod
626 1776 868 1839 nullam
935 1796 1122 1858 opem
1187 1778 1255 1840 in
1312 1777 1538 1841 ultimo
1596 1776 1967 1841 discrimine
2023 1777 2421 1842 fortunarum
2480 1779 2795 1847 tulissent.

300 1881 351 1923 13
395 1864 546 1930 moti
612 1874 829 1947 patres
905 1865 1204 1947 precihus
1269 1865 1853 1931 Alexandrinorum
1929 1869 2253 1950 extemplo
2329 1869 2398 1933 G.
2474 1870 2795 1952 Popilium

392 1953 745 2018 Laenatem
795 1960 857 2017 et
897 1954 967 2019 C.
1007 1954 1367 2017 Decimium
1418 1963 1482 2018 et
1521 1955 1587 2020 C.
1627 1955 1973 2020 Hostilium
2020 1958 2268 2040 legatos
2307 1959 2392 2022 ad
2439 1958 2791 2023 finiendum

300 2060 351 2100 14
392 2042 559 2106 inter
605 2062 792 2125 reges
842 2043 1080 2107 bellum
1121 2045 1441 2108 miserunt.
1491 2045 1671 2126 prius
1708 2045 2113 2126 Antiochum,
2161 2046 2309 2110 dein
2349 2048 2794 2112 Ptolemaeum
2832 2060 2886 2102 20
2997 2038 2998 2067 ¹

391 2132 569 2195 adire
619 2134 777 2198 iussi
827 2139 890 2195 et
940 2134 1254 2214 nuntiare,
1312 2136 1380 2198 ni
1428 2135 1782 2199 absistatur
1829 2136 2016 2215 bello,
2065 2157 2178 2219 per
2225 2144 2438 2201 utrum
2486 2138 2791 2211 stetisset,

389 2242 533 2284 eum
581 2243 707 2285 non
756 2242 872 2304 pro
920 2224 1130 2286 amieo
1179 2244 1295 2286 nec
1345 2244 1457 2305 pro
1508 2224 1681 2288 socio
1729 2225 2061 2288 habituros
2109 2244 2266 2289 esse.

324 2327 345 2367 1
601 2312 744 2375 XX.
812 2312 929 2375 His
995 2313 1164 2376 intra
1222 2313 1504 2376 triduum
1571 2313 1759 2376 simul
1826 2335 1968 2378 cum
2034 2315 2267 2397 legatis
2331 2316 2800 2404 Alexandrinis

385 2399 691 2482 profectis
739 2400 938 2481 legati
978 2422 1055 2465 ex
1099 2402 1484 2466 Macedonia
1523 2402 2037 2483 Quinquatribus
2077 2405 2320 2469 ultimis
2360 2406 2525 2469 adeo
2566 2426 2796 2488 expec-

385 2489 505 2552 tati
553 2495 881 2567 venerunt,
935 2500 1022 2569 ut,
1070 2489 1195 2554 nisi
1244 2511 1475 2573 vesper
1534 2499 1722 2571 esset,
1771 2494 2093 2574 extemplo
2151 2500 2445 2558 senatum
2503 2496 2797 2559 vocaturi
2835 2506 2890 2550 25

320 2593 346 2634 2
386 2578 681 2640 consules
729 2579 985 2643 fuerint.
1046 2587 1304 2660 postero
1354 2580 1456 2643 die
1507 2588 1771 2645 senatus
1819 2581 1940 2645 suit
1988 2583 2318 2663 legatique
2376 2583 2582 2647 auditi
2632 2596 2795 2650 sunt.

599 2898 645 2949 1.
673 2895 979 2968 inssgrescsi.
1015 2899 1021 2964 Ι
1055 2900 1105 2949 2.
1137 2898 1446 2951 anthiocus.
1484 2900 1489 2963 Ι
1526 2900 1576 2951 3.
1606 2899 1990 2970 τθᾳηὶωῠΙΙεεε.
2026 2902 2031 2965 Ι
2064 2903 2116 2952 4.
2149 2900 2509 2955 redducendi.
2543 2902 2551 2966 Ι
2585 2902 2635 2954 5.
2665 2918 2802 2970 ape-

380 2985 596 3041 lusium.
660 2987 668 3053 Ι
728 2988 776 3039 6.
824 2987 1241 3055 proeliofuerat,
1291 2987 1505 3054 proelio
1546 2988 1759 3042 vicerat
1794 2990 1992 3055 scripsi
2010 2993 2054 3056 *,
2105 2990 2580 3058 proelio<victor>
2610 2992 2804 3047 fuerat

382 3075 460 3127 ecl.
508 3075 646 3128 Bas.
691 3079 849 3144 1531,
900 3077 1447 3145 proelio<superi0r>
1490 3077 1678 3131 fuerat
1731 3077 2117 3131 Weissenborn
2156 3079 2163 3144 Ι
2214 3079 2800 3151 tumultuariopassrae-

382 3169 566 3231 ponte.
601 3166 608 3233 Ι
644 3165 691 3216 7.
722 3165 2004 3236 transgresllsumcumoexercitumexobsidione.
2039 3168 2046 3234 Ι
2080 3168 2129 3220 9.
2150 3173 2501 3236 quaerentes.
2537 3171 2544 3237 1
2582 3170 2664 3223 lo.
2695 3170 2801 3224 im-

384 3254 538 3319 perio
572 3255 737 3320 <ro.>
766 3256 963 3321 scripsi
981 3258 1026 3322 ἢ
1066 3255 1285 3324 inpigre
1324 3254 1542 3309 Novdk.
1604 3257 1611 3324 Ι
1672 3256 1876 3309 ferunt.
1937 3258 1943 3324 Ι
2010 3257 2091 3309 11.
2133 3257 2474 3311 anthiocum.
2526 3264 2534 3326 Ι
2585 3264 2740 3325 aput.
2787 3262 2795 3324 Ι

384 3343 464 3394 12.
504 3342 873 3411 enuntiarent,
914 3345 963 3397 ei
1000 3344 1322 3399 nuntiarent
1358 3344 1593 3398 Harant
1620 3363 1678 3411 p.
1713 3349 1838 3412 271,
1878 3346 2274 3400 denuntiarent
2312 3347 2395 3401 ed.
2425 3348 2563 3400 Bas,
2599 3351 2760 3401 1531.
2789 3357 2797 3421 Ι

384 3432 464 3484 14.
504 3435 705 3485 essent.
757 3435 764 3499 Ι
819 3434 900 3485 15.
940 3434 1532 3502 regnumptolemeum.
1584 3436 1591 3500 Ι
1650 3436 1731 3487 17.
1771 3434 2213 3501 nullamspemin.
2257 3439 2263 3501 Ι
2318 3436 2401 3489 18.
2441 3436 2797 3512 praecibusi
2996 3419 2998 3460 ⁴

383 3520 922 3590 popiliumlegatum,
964 3538 1098 3576 corr.
1140 3523 1219 3575 ed.
1257 3524 1396 3576 Bag.
1434 3525 1592 3575 1531.
1634 3525 1643 3590 Ι
1685 3524 1772 3576 20.
1810 3524 2128 3592 interleges.
2164 3526 2170 3591 Ι
2205 3524 2541 3579 anthiocum.
2577 3527 2584 3592 Ι
2618 3525 2801 3593 ptole-

379 3626 581 3663 meum.
616 3612 624 3678 Ι
658 3611 744 3663 21.
780 3612 1426 3680 nuntiarentabsistatur,
1468 3629 1606 3665 corr.
1646 3612 1727 3665 ed.
1764 3613 1899 3665 Boc-3.
1939 3615 2097 3665 1531.
2132 3614 2140 3679 Ι
2174 3613 2259 3665 24.
2300 3613 2604 3680 profectus,
2640 3618 2647 3680 Ι
2681 3632 2799 3669 ma-

386 3701 660 3771 ced'ionia.
728 3720 735 3784 Ι
805 3719 891 3771 25.
931 3717 1523 3790 utssuinisiuespereset,
1573 3722 1635 3773 ut
1669 3719 1781 3773 nisi
1819 3736 2019 3787 vesper
2057 3724 2202 3774 esset
2242 3720 2519 3789 Kreyssiy,
2561 3722 2643 3774 uti
2677 3722 2791 3776 nisi

387 3821 587 3872 vesper
626 3811 774 3859 esset
810 3806 892 3860 ed.
929 3808 1066 3860 Bas.
1102 3811 1259 3860 1531.
1295 3809 1303 3876 Ι
