<?xml version="1.0" encoding="UTF-8"?>
<!DOCTYPE html PUBLIC "-//W3C//DTD XHTML 1.0 Transitional//EN"
    "http://www.w3.org/TR/xhtml1/DTD/xhtml1-transitional.dtd">
<html xmlns="http://www.w3.org/1999/xhtml" xml:lang="en" lang="en">
 <head>
  <title>
</title>
<meta http-equiv="Content-Type" content="text/html;charset=utf-8" />
  <meta name='ocr-system' content='tesseract 3.04.00' />
  <meta name='ocr-capabilities' content='ocr_page ocr_carea ocr_par ocr_line ocrx_word'/>
</head>
<body>
  <div class='ocr_page' id='page_1' title='image "./tliviaburbecond01zinggoog_0149.png"; bbox 0 0 3005 4257; ppageno 0'>
   <div class='ocr_carea' id='block_1_1' title="bbox 198 1572 225 1613">
    <p class='ocr_par' dir='ltr' id='par_1_1' title="bbox 198 1572 225 1613">
     <span class='ocr_line' id='line_1_1' title="bbox 198 1572 225 1613; baseline 0 0"><span class='ocrx_word' id='word_1_1' title='bbox 198 1572 225 1613; x_wconf 87' lang='lat'>5</span> 
     </span>
    </p>
   </div>
   <div class='ocr_carea' id='block_1_2' title="bbox 173 2015 225 2055">
    <p class='ocr_par' dir='ltr' id='par_1_2' title="bbox 173 2015 225 2055">
     <span class='ocr_line' id='line_1_2' title="bbox 173 2015 225 2055; baseline 0 0"><span class='ocrx_word' id='word_1_2' title='bbox 173 2015 225 2055; x_wconf 88' lang='grc'><strong>10</strong></span> 
     </span>
    </p>
   </div>
   <div class='ocr_carea' id='block_1_3' title="bbox 169 2460 222 2501">
    <p class='ocr_par' dir='ltr' id='par_1_3' title="bbox 169 2460 222 2501">
     <span class='ocr_line' id='line_1_3' title="bbox 169 2460 222 2501; baseline 0.019 -1"><span class='ocrx_word' id='word_1_3' title='bbox 169 2460 222 2501; x_wconf 83' lang='lat'><strong>15</strong></span> 
     </span>
    </p>
   </div>
   <div class='ocr_carea' id='block_1_4' title="bbox 895 625 2062 1065">
    <p class='ocr_par' dir='ltr' id='par_1_4' title="bbox 895 625 2062 1065">
     <span class='ocr_line' id='line_1_4' title="bbox 1260 625 1690 735; baseline 0.007 -2.804"><span class='ocrx_word' id='word_1_4' title='bbox 1260 626 1354 734; x_wconf 81' lang='lat' dir='ltr'><strong>T.</strong></span> <span class='ocrx_word' id='word_1_5' title='bbox 1421 625 1690 735; x_wconf 75' lang='lat' dir='ltr'><strong>Livi</strong></span> 
     </span>
     <span class='ocr_line' id='line_1_5' title="bbox 895 810 2062 910; baseline 0.002 -3"><span class='ocrx_word' id='word_1_6' title='bbox 895 810 1057 907; x_wconf 82' lang='lat' dir='ltr'><strong>AB</strong></span> <span class='ocrx_word' id='word_1_7' title='bbox 1114 827 1445 908; x_wconf 86' lang='lat' dir='ltr'><strong>URBE</strong></span> <span class='ocrx_word' id='word_1_8' title='bbox 1506 827 2062 910; x_wconf 80' lang='lat' dir='ltr'><strong>CONDITA</strong></span> 
     </span>
     <span class='ocr_line' id='line_1_6' title="bbox 1203 1001 1769 1065; baseline -0.002 -1"><span class='ocrx_word' id='word_1_9' title='bbox 1203 1001 1493 1064; x_wconf 87' lang='lat' dir='ltr'>LIBER</span> <span class='ocrx_word' id='word_1_10' title='bbox 1541 1001 1769 1065; x_wconf 84' lang='lat' dir='ltr'>XLIV.</span> 
     </span>
    </p>
   </div>
   <div class='ocr_carea' id='block_1_5' title="bbox 480 1194 2760 1280">
    <p class='ocr_par' dir='ltr' id='par_1_5' title="bbox 480 1194 2760 1280">
     <span class='ocr_line' id='line_1_7' title="bbox 480 1194 2760 1280; baseline 0 -21"><span class='ocrx_word' id='word_1_11' title='bbox 480 1198 527 1259; x_wconf 89' lang='lat' dir='ltr'><strong>I.</strong></span> <span class='ocrx_word' id='word_1_12' title='bbox 563 1196 889 1280; x_wconf 90' lang='lat' dir='ltr'><strong>Principio</strong></span> <span class='ocrx_word' id='word_1_13' title='bbox 929 1196 1116 1273; x_wconf 82' lang='lat' dir='ltr'><strong>veriS,</strong></span> <span class='ocrx_word' id='word_1_14' title='bbox 1156 1194 1330 1276; x_wconf 89' lang='lat' dir='ltr'><strong>quod</strong></span> <span class='ocrx_word' id='word_1_15' title='bbox 1371 1194 1646 1260; x_wconf 78' lang='lat' dir='ltr'><strong>hiemem</strong></span> <span class='ocrx_word' id='word_1_16' title='bbox 1697 1216 1860 1274; x_wconf 85' lang='lat' dir='ltr'><strong>eam,</strong></span> <span class='ocrx_word' id='word_1_17' title='bbox 1909 1215 2037 1276; x_wconf 89' lang='lat' dir='ltr'><strong>qua</strong></span> <span class='ocrx_word' id='word_1_18' title='bbox 2074 1194 2237 1260; x_wconf 92' lang='lat' dir='ltr'><strong>haec</strong></span> <span class='ocrx_word' id='word_1_19' title='bbox 2276 1205 2463 1279; x_wconf 82' lang='lat' dir='ltr'><strong>gesta</strong></span> <span class='ocrx_word' id='word_1_20' title='bbox 2503 1207 2669 1278; x_wconf 88' lang='lat' dir='ltr'><strong>sunt,</strong></span> <span class='ocrx_word' id='word_1_21' title='bbox 2738 1218 2760 1260; x_wconf 93' lang='lat'><strong><em>1</em></strong></span> 
     </span>
    </p>
   </div>
   <div class='ocr_carea' id='block_1_6' title="bbox 258 1283 2675 2797">
    <p class='ocr_par' dir='ltr' id='par_1_6' title="bbox 258 1283 2675 2797">
     <span class='ocr_line' id='line_1_8' title="bbox 265 1283 2674 1369; baseline 0.001 -22"><span class='ocrx_word' id='word_1_22' title='bbox 265 1285 624 1349; x_wconf 90' lang='lat' dir='ltr'><strong>insecutum</strong></span> <span class='ocrx_word' id='word_1_23' title='bbox 673 1293 789 1363; x_wconf 85' lang='lat' dir='ltr'><strong>est,</strong></span> <span class='ocrx_word' id='word_1_24' title='bbox 839 1286 922 1349; x_wconf 89' lang='lat' dir='ltr'><strong>ab</strong></span> <span class='ocrx_word' id='word_1_25' title='bbox 972 1287 1175 1349; x_wconf 89' lang='lat' dir='ltr'><strong>Roma</strong></span> <span class='ocrx_word' id='word_1_26' title='bbox 1223 1283 1553 1369; x_wconf 87' lang='lat' dir='ltr'><strong>profectus</strong></span> <span class='ocrx_word' id='word_1_27' title='bbox 1600 1284 1675 1360; x_wconf 80' lang='lat' dir='ltr'><strong>Q.</strong></span> <span class='ocrx_word' id='word_1_28' title='bbox 1731 1285 2013 1349; x_wconf 80' lang='lat' dir='ltr'>Marcius</span> <span class='ocrx_word' id='word_1_29' title='bbox 2059 1285 2396 1369; x_wconf 82' lang='lat' dir='ltr'>Philippus</span> <span class='ocrx_word' id='word_1_30' title='bbox 2455 1289 2674 1352; x_wconf 85' lang='lat' dir='ltr'><strong>consul</strong></span> 
     </span>
     <span class='ocr_line' id='line_1_9' title="bbox 266 1375 2673 1458; baseline 0.002 -22"><span class='ocrx_word' id='word_1_31' title='bbox 266 1394 407 1438; x_wconf 90' lang='lat' dir='ltr'><strong>cum</strong></span> <span class='ocrx_word' id='word_1_32' title='bbox 458 1376 739 1456; x_wconf 88' lang='lat' dir='ltr'><strong>quinque</strong></span> <span class='ocrx_word' id='word_1_33' title='bbox 788 1375 1048 1438; x_wconf 88' lang='lat' dir='ltr'><strong>milibus</strong></span> <span class='ocrx_word' id='word_1_34' title='bbox 1095 1375 1405 1453; x_wconf 73' lang='lat' dir='ltr'><strong>militum,</strong></span> <span class='ocrx_word' id='word_1_35' title='bbox 1454 1393 1615 1454; x_wconf 85' lang='lat' dir='ltr'><strong>quos</strong></span> <span class='ocrx_word' id='word_1_36' title='bbox 1662 1375 1729 1438; x_wconf 91' lang='lat' dir='ltr'><strong>in</strong></span> <span class='ocrx_word' id='word_1_37' title='bbox 1778 1375 2297 1458; x_wconf 87' lang='lat' dir='ltr'><strong>supplementum</strong></span> <span class='ocrx_word' id='word_1_38' title='bbox 2348 1376 2673 1457; x_wconf 85' lang='lat' dir='ltr'><strong>legionum</strong></span> 
     </span>
     <span class='ocr_line' id='line_1_10' title="bbox 266 1462 2673 1547; baseline 0.001 -20"><span class='ocrx_word' id='word_1_39' title='bbox 266 1482 481 1528; x_wconf 85' lang='lat' dir='ltr'><strong>secum</strong></span> <span class='ocrx_word' id='word_1_40' title='bbox 539 1467 925 1528; x_wconf 81' lang='lat' dir='ltr'><strong>traiecturus</strong></span> <span class='ocrx_word' id='word_1_41' title='bbox 980 1471 1139 1543; x_wconf 86' lang='lat' dir='ltr'><strong>erat,</strong></span> <span class='ocrx_word' id='word_1_42' title='bbox 1201 1462 1613 1527; x_wconf 80' lang='lat' dir='ltr'>Brundisium</span> <span class='ocrx_word' id='word_1_43' title='bbox 1679 1463 1990 1545; x_wconf 87' lang='lat' dir='ltr'><strong>pervenit.</strong></span> <span class='ocrx_word' id='word_1_44' title='bbox 2039 1465 2118 1528; x_wconf 91' lang='lat' dir='ltr'><strong>M.</strong></span> <span class='ocrx_word' id='word_1_45' title='bbox 2166 1465 2458 1547; x_wconf 90' lang='lat' dir='ltr'><strong>Popilius</strong></span> <span class='ocrx_word' id='word_1_46' title='bbox 2526 1486 2673 1530; x_wconf 89' lang='lat' dir='ltr'><strong>con·</strong></span> 
     </span>
     <span class='ocr_line' id='line_1_11' title="bbox 264 1552 2675 1638; baseline 0.001 -23"><span class='ocrx_word' id='word_1_47' title='bbox 264 1553 501 1617; x_wconf 88' lang='lat' dir='ltr'><strong>sularis</strong></span> <span class='ocrx_word' id='word_1_48' title='bbox 568 1560 630 1616; x_wconf 88' lang='lat' dir='ltr'><strong>et</strong></span> <span class='ocrx_word' id='word_1_49' title='bbox 697 1554 810 1618; x_wconf 89' lang='lat' dir='ltr'><strong>alii</strong></span> <span class='ocrx_word' id='word_1_50' title='bbox 867 1555 1009 1638; x_wconf 89' lang='lat' dir='ltr'><strong>pari</strong></span> <span class='ocrx_word' id='word_1_51' title='bbox 1068 1552 1408 1617; x_wconf 88' lang='lat' dir='ltr'><strong>nobilitate</strong></span> <span class='ocrx_word' id='word_1_52' title='bbox 1465 1553 1920 1617; x_wconf 79' lang='lat' dir='ltr'><strong>adulescentes</strong></span> <span class='ocrx_word' id='word_1_53' title='bbox 1977 1553 2217 1617; x_wconf 89' lang='lat' dir='ltr'><strong>tribuni</strong></span> <span class='ocrx_word' id='word_1_54' title='bbox 2275 1555 2549 1619; x_wconf 89' lang='lat' dir='ltr'><strong>militum</strong></span> <span class='ocrx_word' id='word_1_55' title='bbox 2608 1556 2675 1618; x_wconf 91' lang='lat' dir='ltr'><strong>in</strong></span> 
     </span>
     <span class='ocr_line' id='line_1_12' title="bbox 262 1642 2675 1725; baseline 0 -19"><span class='ocrx_word' id='word_1_56' title='bbox 262 1642 718 1706; x_wconf 89' lang='lat' dir='ltr'><strong>Macedonicas</strong></span> <span class='ocrx_word' id='word_1_57' title='bbox 784 1644 1071 1725; x_wconf 81' lang='lat' dir='ltr'><strong>legiones</strong></span> <span class='ocrx_word' id='word_1_58' title='bbox 1138 1642 1467 1706; x_wconf 89' lang='lat' dir='ltr'><strong>consulem</strong></span> <span class='ocrx_word' id='word_1_59' title='bbox 1534 1642 1740 1707; x_wconf 90' lang='lat' dir='ltr'><strong>secuti</strong></span> <span class='ocrx_word' id='word_1_60' title='bbox 1808 1650 1970 1706; x_wconf 87' lang='lat' dir='ltr'><strong>sunt.</strong></span> <span class='ocrx_word' id='word_1_61' title='bbox 2037 1662 2152 1725; x_wconf 92' lang='lat' dir='ltr'><strong>per</strong></span> <span class='ocrx_word' id='word_1_62' title='bbox 2218 1663 2326 1707; x_wconf 87' lang='lat' dir='ltr'><strong>eos</strong></span> <span class='ocrx_word' id='word_1_63' title='bbox 2391 1643 2536 1708; x_wconf 93' lang='lat' dir='ltr'><strong>dies</strong></span> <span class='ocrx_word' id='word_1_64' title='bbox 2612 1655 2675 1708; x_wconf 91' lang='lat' dir='ltr'><strong>ct</strong></span> 
     </span>
     <span class='ocr_line' id='line_1_13' title="bbox 262 1730 2672 1814; baseline 0 -18"><span class='ocrx_word' id='word_1_65' title='bbox 262 1732 328 1796; x_wconf 89' lang='lat' dir='ltr'><strong>C.</strong></span> <span class='ocrx_word' id='word_1_66' title='bbox 368 1732 647 1796; x_wconf 80' lang='lat' dir='ltr'><strong>Marcius</strong></span> <span class='ocrx_word' id='word_1_67' title='bbox 686 1733 953 1814; x_wconf 83' lang='lat' dir='ltr'><strong>Figulus</strong></span> <span class='ocrx_word' id='word_1_68' title='bbox 1000 1739 1277 1814; x_wconf 85' lang='lat' dir='ltr'><strong>praetor,</strong></span> <span class='ocrx_word' id='word_1_69' title='bbox 1320 1731 1424 1796; x_wconf 93' lang='lat' dir='ltr'><strong>cui</strong></span> <span class='ocrx_word' id='word_1_70' title='bbox 1464 1730 1692 1795; x_wconf 89' lang='lat' dir='ltr'><strong>classis</strong></span> <span class='ocrx_word' id='word_1_71' title='bbox 1729 1732 2065 1814; x_wconf 87' lang='lat' dir='ltr'><strong>provincia</strong></span> <span class='ocrx_word' id='word_1_72' title='bbox 2106 1742 2432 1813; x_wconf 90' lang='lat' dir='ltr'><strong>evenerat,</strong></span> <span class='ocrx_word' id='word_1_73' title='bbox 2475 1734 2672 1797; x_wconf 91' lang='lat' dir='ltr'><strong>Brun·</strong></span> 
     </span>
     <span class='ocr_line' id='line_1_14' title="bbox 264 1820 2673 1904; baseline 0.001 -20"><span class='ocrx_word' id='word_1_74' title='bbox 264 1821 501 1885; x_wconf 88' lang='lat' dir='ltr'><strong>disium</strong></span> <span class='ocrx_word' id='word_1_75' title='bbox 558 1822 764 1903; x_wconf 75' lang='lat' dir='ltr'><strong>venit3</strong></span> <span class='ocrx_word' id='word_1_76' title='bbox 824 1827 886 1884; x_wconf 90' lang='lat' dir='ltr'><strong>et</strong></span> <span class='ocrx_word' id='word_1_77' title='bbox 943 1823 1132 1885; x_wconf 85' lang='lat' dir='ltr'><strong>simul</strong></span> <span class='ocrx_word' id='word_1_78' title='bbox 1191 1841 1270 1884; x_wconf 87' lang='lat' dir='ltr'><strong>ex</strong></span> <span class='ocrx_word' id='word_1_79' title='bbox 1319 1820 1514 1884; x_wconf 89' lang='lat' dir='ltr'><strong>Italia</strong></span> <span class='ocrx_word' id='word_1_80' title='bbox 1559 1820 1834 1903; x_wconf 85' lang='lat' dir='ltr'><strong>profecti</strong></span> <span class='ocrx_word' id='word_1_81' title='bbox 1882 1821 2231 1904; x_wconf 84' lang='lat' dir='ltr'><strong>Corcyram</strong></span> <span class='ocrx_word' id='word_1_82' title='bbox 2291 1823 2493 1885; x_wconf 87' lang='lat' dir='ltr'><strong>altero</strong></span> <span class='ocrx_word' id='word_1_83' title='bbox 2545 1823 2673 1903; x_wconf 90' lang='lat' dir='ltr'><strong>die,</strong></span> 
     </span>
     <span class='ocr_line' id='line_1_15' title="bbox 260 1909 2671 1993; baseline 0.002 -22"><span class='ocrx_word' id='word_1_84' title='bbox 260 1910 454 1973; x_wconf 86' lang='lat' dir='ltr'><strong>tertio</strong></span> <span class='ocrx_word' id='word_1_85' title='bbox 511 1910 788 1990; x_wconf 88' lang='lat' dir='ltr'><strong>Actium,</strong></span> <span class='ocrx_word' id='word_1_86' title='bbox 844 1910 1252 1974; x_wconf 90' lang='lat' dir='ltr'><strong>Acarnaniae</strong></span> <span class='ocrx_word' id='word_1_87' title='bbox 1319 1917 1591 1993; x_wconf 89' lang='lat' dir='ltr'><strong>portum,</strong></span> <span class='ocrx_word' id='word_1_88' title='bbox 1658 1916 2018 1973; x_wconf 88' lang='lat' dir='ltr'><strong>tenuerunt.</strong></span> <span class='ocrx_word' id='word_1_89' title='bbox 2077 1909 2230 1973; x_wconf 93' lang='lat' dir='ltr'><strong>inde</strong></span> <span class='ocrx_word' id='word_1_90' title='bbox 2297 1912 2522 1975; x_wconf 87' lang='lat' dir='ltr'><strong>consul</strong></span> <span class='ocrx_word' id='word_1_91' title='bbox 2587 1912 2671 1975; x_wconf 93' lang='lat' dir='ltr'><strong>ad</strong></span> 
     </span>
     <span class='ocr_line' id='line_1_16' title="bbox 264 1998 2675 2084; baseline 0.001 -22"><span class='ocrx_word' id='word_1_92' title='bbox 264 2000 677 2062; x_wconf 90' lang='lat' dir='ltr'><strong>Ambraciam</strong></span> <span class='ocrx_word' id='word_1_93' title='bbox 735 2018 1033 2082; x_wconf 84' lang='lat' dir='ltr'><strong>egressus</strong></span> <span class='ocrx_word' id='word_1_94' title='bbox 1090 1998 1320 2062; x_wconf 90' lang='lat' dir='ltr'><strong>itinere</strong></span> <span class='ocrx_word' id='word_1_95' title='bbox 1378 2000 1665 2063; x_wconf 87' lang='lat' dir='ltr'><strong>terrestri</strong></span> <span class='ocrx_word' id='word_1_96' title='bbox 1718 1999 1881 2083; x_wconf 91' lang='lat' dir='ltr'><strong>petit</strong></span> <span class='ocrx_word' id='word_1_97' title='bbox 1928 1998 2363 2074; x_wconf 80' lang='lat' dir='ltr'><strong>Thessaliam3</strong></span> <span class='ocrx_word' id='word_1_98' title='bbox 2418 2006 2675 2084; x_wconf 90' lang='lat' dir='ltr'><strong>praetor</strong></span> 
     </span>
     <span class='ocr_line' id='line_1_17' title="bbox 263 2087 2670 2172; baseline 0.002 -21"><span class='ocrx_word' id='word_1_99' title='bbox 263 2098 560 2172; x_wconf 87' lang='lat' dir='ltr'><strong>superato</strong></span> <span class='ocrx_word' id='word_1_100' title='bbox 608 2088 897 2153; x_wconf 87' lang='lat' dir='ltr'><strong>Leucata</strong></span> <span class='ocrx_word' id='word_1_101' title='bbox 944 2087 1341 2154; x_wconf 89' lang='lat' dir='ltr'><strong>Corinthium</strong></span> <span class='ocrx_word' id='word_1_102' title='bbox 1391 2088 1602 2153; x_wconf 86' lang='lat' dir='ltr'><strong>sinum</strong></span> <span class='ocrx_word' id='word_1_103' title='bbox 1653 2089 1947 2154; x_wconf 87' lang='lat' dir='ltr'><strong>invectus</strong></span> <span class='ocrx_word' id='word_1_104' title='bbox 1994 2095 2057 2153; x_wconf 91' lang='lat' dir='ltr'><strong>et</strong></span> <span class='ocrx_word' id='word_1_105' title='bbox 2097 2089 2380 2155; x_wconf 82' lang='lat' dir='ltr'><strong>Creusae</strong></span> <span class='ocrx_word' id='word_1_106' title='bbox 2429 2090 2670 2155; x_wconf 87' lang='lat' dir='ltr'><strong>relictis</strong></span> 
     </span>
     <span class='ocr_line' id='line_1_18' title="bbox 264 2178 2668 2261; baseline 0.002 -21"><span class='ocrx_word' id='word_1_107' title='bbox 264 2178 537 2243; x_wconf 88' lang='lat' dir='ltr'><strong>navibus</strong></span> <span class='ocrx_word' id='word_1_108' title='bbox 591 2185 765 2243; x_wconf 87' lang='lat' dir='ltr'><strong>terra</strong></span> <span class='ocrx_word' id='word_1_109' title='bbox 822 2186 885 2241; x_wconf 95' lang='lat' dir='ltr'><strong>et</strong></span> <span class='ocrx_word' id='word_1_110' title='bbox 942 2179 1080 2260; x_wconf 89' lang='lat' dir='ltr'><strong>ipse</strong></span> <span class='ocrx_word' id='word_1_111' title='bbox 1126 2198 1241 2261; x_wconf 90' lang='lat' dir='ltr'><strong>per</strong></span> <span class='ocrx_word' id='word_1_112' title='bbox 1288 2178 1569 2242; x_wconf 90' lang='lat' dir='ltr'><strong>mediam</strong></span> <span class='ocrx_word' id='word_1_113' title='bbox 1621 2178 1953 2243; x_wconf 87' lang='lat' dir='ltr'><strong>Boeotiam</strong></span> <span class='ocrx_word' id='word_1_114' title='bbox 2003 2217 2090 2225; x_wconf 94' lang='lat'><strong>-—</strong></span> <span class='ocrx_word' id='word_1_115' title='bbox 2139 2179 2268 2243; x_wconf 88' lang='lat' dir='ltr'><strong>diei</strong></span> <span class='ocrx_word' id='word_1_116' title='bbox 2327 2180 2516 2244; x_wconf 89' lang='lat' dir='ltr'><strong>unius</strong></span> <span class='ocrx_word' id='word_1_117' title='bbox 2566 2199 2668 2244; x_wconf 85' lang='lat' dir='ltr'><strong>ex-</strong></span> 
     </span>
     <span class='ocr_line' id='line_1_19' title="bbox 259 2267 2669 2351; baseline 0.001 -21"><span class='ocrx_word' id='word_1_118' title='bbox 259 2267 478 2351; x_wconf 90' lang='lat' dir='ltr'><strong>pedito</strong></span> <span class='ocrx_word' id='word_1_119' title='bbox 534 2268 653 2331; x_wconf 86' lang='lat' dir='ltr'><strong>iter</strong></span> <span class='ocrx_word' id='word_1_120' title='bbox 710 2273 806 2333; x_wconf 88' lang='lat' dir='ltr'><strong>est</strong></span> <span class='ocrx_word' id='word_1_121' title='bbox 863 2306 949 2313; x_wconf 95' lang='lat'><strong>—-</strong></span> <span class='ocrx_word' id='word_1_122' title='bbox 998 2267 1374 2332; x_wconf 87' lang='lat' dir='ltr'><strong>Chalcidem</strong></span> <span class='ocrx_word' id='word_1_123' title='bbox 1433 2268 1519 2330; x_wconf 90' lang='lat' dir='ltr'><strong>ad</strong></span> <span class='ocrx_word' id='word_1_124' title='bbox 1576 2268 1850 2333; x_wconf 88' lang='lat' dir='ltr'><strong>classem</strong></span> <span class='ocrx_word' id='word_1_125' title='bbox 1909 2269 2258 2333; x_wconf 82' lang='lat' dir='ltr'><strong>contendit.</strong></span> <span class='ocrx_word' id='word_1_126' title='bbox 2318 2275 2532 2333; x_wconf 87' lang='lat' dir='ltr'><strong>castra</strong></span> <span class='ocrx_word' id='word_1_127' title='bbox 2593 2290 2669 2333; x_wconf 90' lang='lat' dir='ltr'><strong>eo</strong></span> 
     </span>
     <span class='ocr_line' id='line_1_20' title="bbox 259 2355 2669 2440; baseline 0.001 -21"><span class='ocrx_word' id='word_1_128' title='bbox 259 2366 541 2439; x_wconf 89' lang='lat' dir='ltr'><strong>tempore</strong></span> <span class='ocrx_word' id='word_1_129' title='bbox 579 2358 651 2421; x_wconf 91' lang='lat' dir='ltr'><strong>A.</strong></span> <span class='ocrx_word' id='word_1_130' title='bbox 691 2358 1007 2422; x_wconf 88' lang='lat' dir='ltr'><strong>Hostilius</strong></span> <span class='ocrx_word' id='word_1_131' title='bbox 1055 2357 1120 2421; x_wconf 94' lang='lat' dir='ltr'><strong>in</strong></span> <span class='ocrx_word' id='word_1_132' title='bbox 1158 2355 1500 2422; x_wconf 86' lang='lat' dir='ltr'><strong>Thessalia</strong></span> <span class='ocrx_word' id='word_1_133' title='bbox 1548 2357 1722 2421; x_wconf 85' lang='lat' dir='ltr'><strong>circa</strong></span> <span class='ocrx_word' id='word_1_134' title='bbox 1762 2356 2336 2440; x_wconf 87' lang='lat' dir='ltr'><strong>Palaepharsalum</strong></span> <span class='ocrx_word' id='word_1_135' title='bbox 2386 2357 2669 2422; x_wconf 82' lang='lat' dir='ltr'><strong>habebat</strong></span> 
     </span>
     <span class='ocr_line' id='line_1_21' title="bbox 261 2446 2667 2528; baseline 0 -19"><span class='ocrx_word' id='word_1_136' title='bbox 261 2447 423 2510; x_wconf 85' lang='lat' dir='ltr'><strong>sicut</strong></span> <span class='ocrx_word' id='word_1_137' title='bbox 474 2448 650 2511; x_wconf 88' lang='lat' dir='ltr'><strong>nulla</strong></span> <span class='ocrx_word' id='word_1_138' title='bbox 696 2467 762 2511; x_wconf 88' lang='lat' dir='ltr'><strong>re</strong></span> <span class='ocrx_word' id='word_1_139' title='bbox 811 2447 1047 2510; x_wconf 90' lang='lat' dir='ltr'><strong>bellica</strong></span> <span class='ocrx_word' id='word_1_140' title='bbox 1095 2446 1504 2511; x_wconf 88' lang='lat' dir='ltr'><strong>memorabili</strong></span> <span class='ocrx_word' id='word_1_141' title='bbox 1550 2455 1756 2528; x_wconf 85' lang='lat' dir='ltr'><strong>gesta,</strong></span> <span class='ocrx_word' id='word_1_142' title='bbox 1807 2447 1901 2509; x_wconf 88' lang='lat' dir='ltr'><strong>ita</strong></span> <span class='ocrx_word' id='word_1_143' title='bbox 1948 2446 2031 2511; x_wconf 89' lang='lat' dir='ltr'><strong>ad</strong></span> <span class='ocrx_word' id='word_1_144' title='bbox 2093 2447 2447 2510; x_wconf 75' lang='lat' dir='ltr'><strong>iniunctam</strong></span> <span class='ocrx_word' id='word_1_145' title='bbox 2509 2447 2667 2510; x_wconf 90' lang='lat' dir='ltr'><strong>mili-</strong></span> 
     </span>
     <span class='ocr_line' id='line_1_22' title="bbox 258 2535 2668 2621; baseline 0.001 -24"><span class='ocrx_word' id='word_1_146' title='bbox 258 2543 458 2600; x_wconf 86' lang='lat' dir='ltr'><strong>tarem</strong></span> <span class='ocrx_word' id='word_1_147' title='bbox 506 2537 918 2621; x_wconf 91' lang='lat' dir='ltr'><strong>disciplinam</strong></span> <span class='ocrx_word' id='word_1_148' title='bbox 969 2536 1052 2599; x_wconf 92' lang='lat' dir='ltr'><strong>ab</strong></span> <span class='ocrx_word' id='word_1_149' title='bbox 1093 2535 1293 2599; x_wconf 86' lang='lat' dir='ltr'><strong>effusa</strong></span> <span class='ocrx_word' id='word_1_150' title='bbox 1332 2536 1594 2599; x_wconf 87' lang='lat' dir='ltr'><strong>licentia</strong></span> <span class='ocrx_word' id='word_1_151' title='bbox 1632 2536 1906 2600; x_wconf 89' lang='lat' dir='ltr'><strong>formato</strong></span> <span class='ocrx_word' id='word_1_152' title='bbox 1947 2536 2148 2599; x_wconf 90' lang='lat' dir='ltr'><strong>milite</strong></span> <span class='ocrx_word' id='word_1_153' title='bbox 2189 2545 2250 2599; x_wconf 91' lang='lat' dir='ltr'><strong>et</strong></span> <span class='ocrx_word' id='word_1_154' title='bbox 2290 2536 2484 2601; x_wconf 86' lang='lat' dir='ltr'><strong>sociis</strong></span> <span class='ocrx_word' id='word_1_155' title='bbox 2524 2557 2668 2600; x_wconf 89' lang='lat' dir='ltr'><strong>cum</strong></span> 
     </span>
     <span class='ocr_line' id='line_1_23' title="bbox 258 2624 2669 2707; baseline 0.001 -19"><span class='ocrx_word' id='word_1_156' title='bbox 258 2624 384 2688; x_wconf 87' lang='lat' dir='ltr'><strong>fide</strong></span> <span class='ocrx_word' id='word_1_157' title='bbox 433 2627 624 2689; x_wconf 88' lang='lat' dir='ltr'><strong>cultis</strong></span> <span class='ocrx_word' id='word_1_158' title='bbox 673 2634 736 2688; x_wconf 90' lang='lat' dir='ltr'><strong>et</strong></span> <span class='ocrx_word' id='word_1_159' title='bbox 787 2626 869 2690; x_wconf 86' lang='lat' dir='ltr'><strong>ab</strong></span> <span class='ocrx_word' id='word_1_160' title='bbox 919 2626 1092 2688; x_wconf 90' lang='lat' dir='ltr'><strong>omni</strong></span> <span class='ocrx_word' id='word_1_161' title='bbox 1146 2644 1385 2707; x_wconf 84' lang='lat' dir='ltr'><strong>genere</strong></span> <span class='ocrx_word' id='word_1_162' title='bbox 1450 2625 1728 2689; x_wconf 88' lang='lat' dir='ltr'><strong>iniuriae</strong></span> <span class='ocrx_word' id='word_1_163' title='bbox 1784 2624 2087 2691; x_wconf 75' lang='lat' dir='ltr'><strong>defensis,</strong></span> <span class='ocrx_word' id='word_1_164' title='bbox 2138 2625 2363 2689; x_wconf 88' lang='lat' dir='ltr'><strong>audito</strong></span> <span class='ocrx_word' id='word_1_165' title='bbox 2413 2646 2669 2690; x_wconf 86' lang='lat' dir='ltr'><strong>succes-</strong></span> 
     </span>
     <span class='ocr_line' id='line_1_24' title="bbox 260 2714 2670 2797; baseline 0.001 -20"><span class='ocrx_word' id='word_1_166' title='bbox 260 2715 421 2778; x_wconf 88' lang='lat' dir='ltr'><strong>soris</strong></span> <span class='ocrx_word' id='word_1_167' title='bbox 489 2716 774 2780; x_wconf 86' lang='lat' dir='ltr'><strong>adventu</strong></span> <span class='ocrx_word' id='word_1_168' title='bbox 841 2735 984 2779; x_wconf 91' lang='lat' dir='ltr'><strong>cum</strong></span> <span class='ocrx_word' id='word_1_169' title='bbox 1051 2735 1234 2778; x_wconf 86' lang='lat' dir='ltr'><strong>arma</strong></span> <span class='ocrx_word' id='word_1_170' title='bbox 1298 2714 1471 2780; x_wconf 84' lang='lat' dir='ltr'><strong>viros</strong></span> <span class='ocrx_word' id='word_1_171' title='bbox 1539 2734 1740 2796; x_wconf 88' lang='lat' dir='ltr'><strong>equos</strong></span> <span class='ocrx_word' id='word_1_172' title='bbox 1807 2735 1951 2779; x_wconf 91' lang='lat' dir='ltr'><strong>cum</strong></span> <span class='ocrx_word' id='word_1_173' title='bbox 2029 2735 2180 2778; x_wconf 90' lang='lat' dir='ltr'><strong>cura</strong></span> <span class='ocrx_word' id='word_1_174' title='bbox 2257 2715 2670 2797; x_wconf 81' lang='lat' dir='ltr'><strong>inspexisset,</strong></span> 
     </span>
    </p>
   </div>
   <div class='ocr_carea' id='block_1_7' title="bbox 259 2861 687 2868">
    <p class='ocr_par' dir='ltr' id='par_1_7' title="bbox 259 2861 687 2868">
     <span class='ocr_line' id='line_1_25' title="bbox 259 2861 687 2868; baseline 0 0"><span class='ocrx_word' id='word_1_175' title='bbox 259 2861 687 2868; x_wconf 95' lang='lat' dir='ltr'><strong> </strong></span> 
     </span>
    </p>
   </div>
   <div class='ocr_carea' id='block_1_8' title="bbox 472 2888 2670 2979">
    <p class='ocr_par' dir='ltr' id='par_1_8' title="bbox 472 2888 2670 2979">
     <span class='ocr_line' id='line_1_26' title="bbox 472 2888 2670 2979; baseline -0 -17"><span class='ocrx_word' id='word_1_176' title='bbox 472 2913 519 2963; x_wconf 84' lang='lat'><strong>2.</strong></span> <span class='ocrx_word' id='word_1_177' title='bbox 570 2909 1227 2979; x_wconf 86' lang='lat' dir='ltr'><strong>profectusquomarcius.</strong></span> <span class='ocrx_word' id='word_1_178' title='bbox 1291 2908 1295 2979; x_wconf 85' lang='grc' dir='ltr'>Ι</span> <span class='ocrx_word' id='word_1_179' title='bbox 1368 2910 1416 2963; x_wconf 85' lang='grc'><strong>3.</strong></span> <span class='ocrx_word' id='word_1_180' title='bbox 1467 2908 1706 2961; x_wconf 87' lang='lat' dir='ltr'><strong>militum</strong></span> <span class='ocrx_word' id='word_1_181' title='bbox 1753 2888 2059 2976; x_wconf 57' lang='grc' dir='ltr'><strong>Μοιάνηίιιὶο4</strong></span> <span class='ocrx_word' id='word_1_182' title='bbox 2090 2909 2153 2961; x_wconf 80' lang='lat' dir='ltr'><strong>in</strong></span> <span class='ocrx_word' id='word_1_183' title='bbox 2201 2909 2330 2961; x_wconf 80' lang='lat' dir='ltr'><strong>adn.</strong></span> <span class='ocrx_word' id='word_1_184' title='bbox 2381 2908 2460 2961; x_wconf 82' lang='lat' dir='ltr'><strong>ed.</strong></span> <span class='ocrx_word' id='word_1_185' title='bbox 2500 2926 2670 2975; x_wconf 79' lang='lat' dir='ltr'><strong>prae-</strong></span> 
     </span>
    </p>
   </div>
   <div class='ocr_carea' id='block_1_9' title="bbox 256 2996 2670 3157">
    <p class='ocr_par' dir='ltr' id='par_1_9' title="bbox 256 2996 2670 3157">
     <span class='ocr_line' id='line_1_27' title="bbox 258 2996 2669 3066; baseline -0.001 -14"><span class='ocrx_word' id='word_1_186' title='bbox 258 3007 415 3053; x_wconf 81' lang='lat' dir='ltr'><strong>eunte</strong></span> <span class='ocrx_word' id='word_1_187' title='bbox 441 3001 492 3053; x_wconf 80' lang='lat' dir='ltr'><strong>h.</strong></span> <span class='ocrx_word' id='word_1_188' title='bbox 526 3002 558 3054; x_wconf 84' lang='lat' dir='ltr'><strong>l.</strong></span> <span class='ocrx_word' id='word_1_189' title='bbox 592 3001 722 3053; x_wconf 83' lang='lat' dir='ltr'><strong>add.</strong></span> <span class='ocrx_word' id='word_1_190' title='bbox 744 3001 820 3053; x_wconf 92' lang='lat' dir='ltr'><strong>H.</strong></span> <span class='ocrx_word' id='word_1_191' title='bbox 842 3000 891 3052; x_wconf 93' lang='lat' dir='ltr'><strong>I.</strong></span> <span class='ocrx_word' id='word_1_192' title='bbox 914 2999 1124 3053; x_wconf 70' lang='lat' dir='ltr'><strong>Mz‘c‘ller</strong></span> <span class='ocrx_word' id='word_1_193' title='bbox 1145 3016 1279 3058; x_wconf 67' lang='lat' dir='ltr'><strong>ann,</strong></span> <span class='ocrx_word' id='word_1_194' title='bbox 1299 2999 1485 3052; x_wconf 83' lang='lat' dir='ltr'><strong>Berol.</strong></span> <span class='ocrx_word' id='word_1_195' title='bbox 1511 3001 1663 3051; x_wconf 79' lang='lat'><strong><em>1882</em></strong></span> <span class='ocrx_word' id='word_1_196' title='bbox 1682 3015 1740 3064; x_wconf 78' lang='lat' dir='ltr'><strong>p.</strong></span> <span class='ocrx_word' id='word_1_197' title='bbox 1772 3000 1908 3049; x_wconf 88' lang='lat'><em>305.</em></span> <span class='ocrx_word' id='word_1_198' title='bbox 1946 2996 1950 3065; x_wconf 98' lang='grc' dir='ltr'>Ι</span> <span class='ocrx_word' id='word_1_199' title='bbox 1984 2997 2669 3066; x_wconf 86' lang='lat' dir='ltr'><strong>quodinsupplementum,</strong></span> 
     </span>
     <span class='ocr_line' id='line_1_28' title="bbox 256 3086 2670 3157; baseline -0.001 -15"><span class='ocrx_word' id='word_1_200' title='bbox 256 3105 398 3157; x_wconf 90' lang='lat' dir='ltr'><strong>quos</strong></span> <span class='ocrx_word' id='word_1_201' title='bbox 444 3090 501 3142; x_wconf 91' lang='lat' dir='ltr'><strong>in</strong></span> <span class='ocrx_word' id='word_1_202' title='bbox 538 3090 986 3157; x_wconf 88' lang='lat' dir='ltr'><strong>supplementum</strong></span> <span class='ocrx_word' id='word_1_203' title='bbox 1025 3089 1102 3141; x_wconf 88' lang='lat' dir='ltr'><strong>H.</strong></span> <span class='ocrx_word' id='word_1_204' title='bbox 1140 3089 1194 3141; x_wconf 90' lang='lat' dir='ltr'><strong>I.</strong></span> <span class='ocrx_word' id='word_1_205' title='bbox 1232 3088 1445 3141; x_wconf 69' lang='lat' dir='ltr'><strong>Mu&#39;ller</strong></span> <span class='ocrx_word' id='word_1_206' title='bbox 1485 3089 1519 3141; x_wconf 90' lang='lat' dir='ltr'><strong>l.</strong></span> <span class='ocrx_word' id='word_1_207' title='bbox 1562 3088 1613 3155; x_wconf 87' lang='lat' dir='ltr'><strong>l.,</strong></span> <span class='ocrx_word' id='word_1_208' title='bbox 1654 3092 1791 3156; x_wconf 90' lang='lat' dir='ltr'><strong>quot</strong></span> <span class='ocrx_word' id='word_1_209' title='bbox 1828 3086 1884 3138; x_wconf 91' lang='lat' dir='ltr'><strong>in</strong></span> <span class='ocrx_word' id='word_1_210' title='bbox 1924 3087 2369 3154; x_wconf 84' lang='lat' dir='ltr'><strong>supplementum</strong></span> <span class='ocrx_word' id='word_1_211' title='bbox 2409 3086 2670 3139; x_wconf 73' lang='lat' dir='ltr'><strong>Draken-</strong></span> 
     </span>
    </p>
   </div>
   <div class='ocr_carea' id='block_1_10' title="bbox 257 3181 2669 3373">
    <p class='ocr_par' dir='ltr' id='par_1_10' title="bbox 257 3181 2669 3373">
     <span class='ocr_line' id='line_1_29' title="bbox 257 3181 2669 3265; baseline 0 -18"><span class='ocrx_word' id='word_1_212' title='bbox 257 3196 435 3262; x_wconf 77' lang='lat' dir='ltr'><strong>borch,</strong></span> <span class='ocrx_word' id='word_1_213' title='bbox 465 3196 619 3265; x_wconf 90' lang='lat' dir='ltr'><strong>quod</strong></span> <span class='ocrx_word' id='word_1_214' title='bbox 648 3196 1092 3263; x_wconf 87' lang='lat' dir='ltr'><strong>supplementum</strong></span> <span class='ocrx_word' id='word_1_215' title='bbox 1114 3196 1164 3248; x_wconf 92' lang='grc' dir='ltr'><strong>Ι.</strong></span> <span class='ocrx_word' id='word_1_216' title='bbox 1193 3195 1264 3248; x_wconf 84' lang='lat' dir='ltr'><strong>F.</strong></span> <span class='ocrx_word' id='word_1_217' title='bbox 1302 3194 1633 3261; x_wconf 78' lang='lat' dir='ltr'><strong>Gronovius,</strong></span> <span class='ocrx_word' id='word_1_218' title='bbox 1662 3193 1912 3260; x_wconf 76' lang='lat' dir='ltr'><strong>Madviy.</strong></span> <span class='ocrx_word' id='word_1_219' title='bbox 1959 3192 1963 3262; x_wconf 96' lang='grc' dir='ltr'>Ι</span> <span class='ocrx_word' id='word_1_220' title='bbox 2007 3193 2057 3245; x_wconf 88' lang='lat'><strong>4.</strong></span> <span class='ocrx_word' id='word_1_221' title='bbox 2087 3193 2374 3247; x_wconf 79' lang='lat' dir='ltr'><strong>traiectus,</strong></span> <span class='ocrx_word' id='word_1_222' title='bbox 2409 3193 2436 3264; x_wconf 92' lang='grc' dir='ltr'><strong>Ι.</strong></span> <span class='ocrx_word' id='word_1_223' title='bbox 2469 3181 2539 3246; x_wconf 73' lang='lat' dir='ltr'><strong>ffi.</strong></span> <span class='ocrx_word' id='word_1_224' title='bbox 2570 3211 2669 3262; x_wconf 91' lang='lat' dir='ltr'><strong>po-</strong></span> 
     </span>
     <span class='ocr_line' id='line_1_30' title="bbox 257 3288 2668 3373; baseline 0 -19"><span class='ocrx_word' id='word_1_225' title='bbox 257 3303 437 3369; x_wconf 90' lang='lat' dir='ltr'><strong>pilius.</strong></span> <span class='ocrx_word' id='word_1_226' title='bbox 474 3302 479 3373; x_wconf 94' lang='grc' dir='ltr'>Ι</span> <span class='ocrx_word' id='word_1_227' title='bbox 515 3304 563 3355; x_wconf 83' lang='grc'><strong>5.</strong></span> <span class='ocrx_word' id='word_1_228' title='bbox 603 3303 788 3357; x_wconf 82' lang='lat' dir='ltr'><strong>etalia.</strong></span> <span class='ocrx_word' id='word_1_229' title='bbox 824 3301 828 3372; x_wconf 98' lang='grc' dir='ltr'>Ι</span> <span class='ocrx_word' id='word_1_230' title='bbox 864 3288 929 3355; x_wconf 66' lang='grc' dir='ltr'><strong>ἆ.</strong></span> <span class='ocrx_word' id='word_1_231' title='bbox 971 3303 1080 3356; x_wconf 85' lang='lat' dir='ltr'><strong>mil.</strong></span> <span class='ocrx_word' id='word_1_232' title='bbox 1126 3301 1130 3372; x_wconf 94' lang='grc' dir='ltr'>Ι</span> <span class='ocrx_word' id='word_1_233' title='bbox 1174 3304 1224 3355; x_wconf 92' lang='grc'><strong>6.</strong></span> <span class='ocrx_word' id='word_1_234' title='bbox 1262 3309 1336 3357; x_wconf 87' lang='lat' dir='ltr'><strong>et.</strong></span> <span class='ocrx_word' id='word_1_235' title='bbox 1377 3317 1424 3355; x_wconf 92' lang='lat' dir='ltr'><strong>c.</strong></span> <span class='ocrx_word' id='word_1_236' title='bbox 1462 3301 1723 3355; x_wconf 64' lang='lat' dir='ltr'><strong>marcius</strong></span> <span class='ocrx_word' id='word_1_237' title='bbox 1767 3299 1772 3371; x_wconf 99' lang='grc' dir='ltr'>Ι</span> <span class='ocrx_word' id='word_1_238' title='bbox 1818 3302 1866 3353; x_wconf 92' lang='grc'><strong>7.</strong></span> <span class='ocrx_word' id='word_1_239' title='bbox 1904 3288 1986 3367; x_wconf 66' lang='lat' dir='ltr'><strong>ffi.</strong></span> <span class='ocrx_word' id='word_1_240' title='bbox 2022 3300 2027 3371; x_wconf 94' lang='grc' dir='ltr'>Ι</span> <span class='ocrx_word' id='word_1_241' title='bbox 2065 3300 2149 3354; x_wconf 90' lang='grc'><strong>10.</strong></span> <span class='ocrx_word' id='word_1_242' title='bbox 2180 3300 2456 3369; x_wconf 87' lang='lat' dir='ltr'><strong>egresusti</strong></span> <span class='ocrx_word' id='word_1_243' title='bbox 2477 3299 2492 3370; x_wconf 94' lang='grc' dir='ltr'><strong>ΙΙ</strong></span> <span class='ocrx_word' id='word_1_244' title='bbox 2511 3317 2668 3354; x_wconf 91' lang='lat' dir='ltr'><strong>nere-</strong></span> 
     </span>
    </p>
   </div>
   <div class='ocr_carea' id='block_1_11' title="bbox 254 3396 2669 3923">
    <p class='ocr_par' dir='ltr' id='par_1_11' title="bbox 254 3396 2669 3923">
     <span class='ocr_line' id='line_1_31' title="bbox 257 3396 2662 3480; baseline -0.001 -19"><span class='ocrx_word' id='word_1_245' title='bbox 257 3410 553 3462; x_wconf 83' lang='lat' dir='ltr'><strong>terrestris.</strong></span> <span class='ocrx_word' id='word_1_246' title='bbox 616 3409 620 3480; x_wconf 94' lang='grc' dir='ltr'>Ι</span> <span class='ocrx_word' id='word_1_247' title='bbox 684 3409 985 3464; x_wconf 82' lang='lat' dir='ltr'><strong>tessaliam.</strong></span> <span class='ocrx_word' id='word_1_248' title='bbox 1042 3409 1046 3479; x_wconf 96' lang='grc' dir='ltr'>Ι</span> <span class='ocrx_word' id='word_1_249' title='bbox 1106 3396 1187 3477; x_wconf 60' lang='grc' dir='ltr'><strong>ᾗῖτ.</strong></span> <span class='ocrx_word' id='word_1_250' title='bbox 1246 3407 1251 3478; x_wconf 96' lang='grc' dir='ltr'>Ι</span> <span class='ocrx_word' id='word_1_251' title='bbox 1317 3408 1401 3461; x_wconf 92' lang='grc'><strong>11.</strong></span> <span class='ocrx_word' id='word_1_252' title='bbox 1440 3408 1575 3462; x_wconf 91' lang='lat' dir='ltr'><strong>relic</strong></span> <span class='ocrx_word' id='word_1_253' title='bbox 1596 3407 1612 3478; x_wconf 95' lang='grc' dir='ltr'><strong>ΙΙ</strong></span> <span class='ocrx_word' id='word_1_254' title='bbox 1633 3413 1724 3462; x_wconf 88' lang='lat' dir='ltr'><strong>tus</strong></span> <span class='ocrx_word' id='word_1_255' title='bbox 1761 3407 1968 3460; x_wconf 88' lang='lat' dir='ltr'><strong>navib&#39;.</strong></span> <span class='ocrx_word' id='word_1_256' title='bbox 2025 3406 2030 3477; x_wconf 93' lang='grc' dir='ltr'>Ι</span> <span class='ocrx_word' id='word_1_257' title='bbox 2086 3408 2169 3460; x_wconf 85' lang='grc'><strong>12.</strong></span> <span class='ocrx_word' id='word_1_258' title='bbox 2217 3406 2611 3462; x_wconf 88' lang='lat' dir='ltr'><strong>boetiamdies.</strong></span> <span class='ocrx_word' id='word_1_259' title='bbox 2659 3407 2662 3412; x_wconf 86' lang='lat'>&#39;</span> 
     </span>
     <span class='ocr_line' id='line_1_32' title="bbox 260 3495 2666 3569; baseline -0 -21"><span class='ocrx_word' id='word_1_260' title='bbox 260 3496 344 3549; x_wconf 84' lang='lat'><strong>13.</strong></span> <span class='ocrx_word' id='word_1_261' title='bbox 382 3497 705 3552; x_wconf 84' lang='lat' dir='ltr'><strong>calchidem.</strong></span> <span class='ocrx_word' id='word_1_262' title='bbox 766 3498 771 3569; x_wconf 96' lang='grc' dir='ltr'>Ι</span> <span class='ocrx_word' id='word_1_263' title='bbox 837 3499 919 3551; x_wconf 89' lang='grc'><strong>14.</strong></span> <span class='ocrx_word' id='word_1_264' title='bbox 958 3499 1428 3566; x_wconf 86' lang='lat' dir='ltr'><strong>phaleparsalum.</strong></span> <span class='ocrx_word' id='word_1_265' title='bbox 1502 3496 1508 3566; x_wconf 96' lang='grc' dir='ltr'>Ι</span> <span class='ocrx_word' id='word_1_266' title='bbox 1582 3497 1664 3549; x_wconf 88' lang='grc'><strong>15.</strong></span> <span class='ocrx_word' id='word_1_267' title='bbox 1706 3497 2102 3551; x_wconf 86' lang='lat' dir='ltr'><strong>sicutmultare.</strong></span> <span class='ocrx_word' id='word_1_268' title='bbox 2165 3495 2169 3566; x_wconf 94' lang='grc' dir='ltr'>Ι</span> <span class='ocrx_word' id='word_1_269' title='bbox 2239 3496 2666 3555; x_wconf 82' lang='lat' dir='ltr'><strong>itaadiunctam‚</strong></span> 
     </span>
     <span class='ocr_line' id='line_1_33' title="bbox 255 3584 2667 3655; baseline -0.001 -17"><span class='ocrx_word' id='word_1_270' title='bbox 255 3585 340 3639; x_wconf 84' lang='lat' dir='ltr'><strong>ita</strong></span> <span class='ocrx_word' id='word_1_271' title='bbox 387 3588 460 3640; x_wconf 89' lang='lat' dir='ltr'><strong>ad</strong></span> <span class='ocrx_word' id='word_1_272' title='bbox 494 3588 870 3655; x_wconf 87' lang='lat' dir='ltr'><strong>&lt;in&gt;iunctam</strong></span> <span class='ocrx_word' id='word_1_273' title='bbox 907 3588 1150 3655; x_wconf 54' lang='lat' dir='ltr'><strong>serim-W,</strong></span> <span class='ocrx_word' id='word_1_274' title='bbox 1191 3588 1271 3641; x_wconf 86' lang='lat' dir='ltr'><strong>ita</strong></span> <span class='ocrx_word' id='word_1_275' title='bbox 1311 3588 1380 3639; x_wconf 90' lang='lat' dir='ltr'><strong>ad</strong></span> <span class='ocrx_word' id='word_1_276' title='bbox 1420 3590 1679 3639; x_wconf 89' lang='lat' dir='ltr'><strong>cunctam</strong></span> <span class='ocrx_word' id='word_1_277' title='bbox 1720 3586 1799 3639; x_wconf 80' lang='lat' dir='ltr'><strong>ed.</strong></span> <span class='ocrx_word' id='word_1_278' title='bbox 1839 3585 1975 3639; x_wconf 80' lang='lat' dir='ltr'><strong>Bas.</strong></span> <span class='ocrx_word' id='word_1_279' title='bbox 2017 3588 2177 3649; x_wconf 87' lang='lat'><strong><em>1531,</em></strong></span> <span class='ocrx_word' id='word_1_280' title='bbox 2216 3585 2297 3637; x_wconf 86' lang='lat' dir='ltr'><strong>ita</strong></span> <span class='ocrx_word' id='word_1_281' title='bbox 2336 3585 2407 3636; x_wconf 89' lang='lat' dir='ltr'><strong>ad</strong></span> <span class='ocrx_word' id='word_1_282' title='bbox 2447 3584 2667 3637; x_wconf 78' lang='lat' dir='ltr'><strong>unicam</strong></span> 
     </span>
     <span class='ocr_line' id='line_1_34' title="bbox 255 3672 2669 3744; baseline -0.002 -17"><span class='ocrx_word' id='word_1_283' title='bbox 255 3675 309 3731; x_wconf 91' lang='lat' dir='ltr'><strong>I.</strong></span> <span class='ocrx_word' id='word_1_284' title='bbox 341 3675 409 3728; x_wconf 85' lang='lat' dir='ltr'><strong>F.</strong></span> <span class='ocrx_word' id='word_1_285' title='bbox 449 3676 772 3744; x_wconf 69' lang='lat' dir='ltr'><strong>GronoviuS,</strong></span> <span class='ocrx_word' id='word_1_286' title='bbox 808 3677 890 3730; x_wconf 91' lang='lat' dir='ltr'><strong>ita</strong></span> <span class='ocrx_word' id='word_1_287' title='bbox 930 3678 1002 3730; x_wconf 82' lang='lat' dir='ltr'><strong>ad</strong></span> <span class='ocrx_word' id='word_1_288' title='bbox 1029 3677 1234 3731; x_wconf 88' lang='lat' dir='ltr'><strong>iustam</strong></span> <span class='ocrx_word' id='word_1_289' title='bbox 1265 3676 1542 3744; x_wconf 75' lang='lat' dir='ltr'><strong>Kreyssiy,</strong></span> <span class='ocrx_word' id='word_1_290' title='bbox 1583 3675 1664 3728; x_wconf 89' lang='lat' dir='ltr'><strong>ita</strong></span> <span class='ocrx_word' id='word_1_291' title='bbox 1704 3677 1776 3729; x_wconf 88' lang='lat' dir='ltr'><strong>ad</strong></span> <span class='ocrx_word' id='word_1_292' title='bbox 1814 3675 2086 3728; x_wconf 86' lang='lat' dir='ltr'><strong>intentam</strong></span> <span class='ocrx_word' id='word_1_293' title='bbox 2116 3673 2318 3725; x_wconf 78' lang='lat' dir='ltr'><strong>Novdk</strong></span> <span class='ocrx_word' id='word_1_294' title='bbox 2346 3672 2479 3724; x_wconf 82' lang='lat' dir='ltr'><strong>olim</strong></span> <span class='ocrx_word' id='word_1_295' title='bbox 2509 3672 2669 3738; x_wconf 76' lang='lat' dir='ltr'><strong>Listy</strong></span> 
     </span>
     <span class='ocr_line' id='line_1_35' title="bbox 255 3760 2667 3835; baseline -0.003 -17"><span class='ocrx_word' id='word_1_296' title='bbox 255 3765 333 3831; x_wconf 72' lang='lat' dir='ltr'><strong>fil.</strong></span> <span class='ocrx_word' id='word_1_297' title='bbox 373 3769 540 3830; x_wconf 79' lang='grc'><strong>1883,</strong></span> <span class='ocrx_word' id='word_1_298' title='bbox 580 3766 661 3821; x_wconf 91' lang='lat' dir='ltr'><strong>ita</strong></span> <span class='ocrx_word' id='word_1_299' title='bbox 699 3769 771 3820; x_wconf 87' lang='lat' dir='ltr'><strong>ad</strong></span> <span class='ocrx_word' id='word_1_300' title='bbox 814 3767 1102 3835; x_wconf 79' lang='lat' dir='ltr'><strong>[iunctam]</strong></span> <span class='ocrx_word' id='word_1_301' title='bbox 1143 3767 1286 3819; x_wconf 81' lang='lat' dir='ltr'><strong>idem</strong></span> <span class='ocrx_word' id='word_1_302' title='bbox 1314 3772 1514 3833; x_wconf 78' lang='lat' dir='ltr'><strong>postea</strong></span> <span class='ocrx_word' id='word_1_303' title='bbox 1544 3782 1603 3832; x_wconf 83' lang='lat' dir='ltr'><strong>p.</strong></span> <span class='ocrx_word' id='word_1_304' title='bbox 1645 3769 1770 3817; x_wconf 79' lang='lat'><strong><em>214.</em></strong></span> <span class='ocrx_word' id='word_1_305' title='bbox 1833 3763 1838 3833; x_wconf 94' lang='grc' dir='ltr'>Ι</span> <span class='ocrx_word' id='word_1_306' title='bbox 1902 3764 1986 3816; x_wconf 88' lang='grc'><strong>18.</strong></span> <span class='ocrx_word' id='word_1_307' title='bbox 2025 3761 2312 3827; x_wconf 86' lang='lat' dir='ltr'><strong>inexisset,</strong></span> <span class='ocrx_word' id='word_1_308' title='bbox 2351 3777 2489 3814; x_wconf 83' lang='lat' dir='ltr'><strong>corr.</strong></span> <span class='ocrx_word' id='word_1_309' title='bbox 2533 3760 2667 3812; x_wconf 89' lang='grc' dir='ltr'><strong>Μα-</strong></span> 
     </span>
     <span class='ocr_line' id='line_1_36' title="bbox 254 3856 1177 3923; baseline 0.002 -16"><span class='ocrx_word' id='word_1_310' title='bbox 254 3856 464 3922; x_wconf 67' lang='lat' dir='ltr'><strong>nutim,</strong></span> <span class='ocrx_word' id='word_1_311' title='bbox 504 3856 570 3914; x_wconf 83' lang='lat' dir='ltr'><strong>cf.</strong></span> <span class='ocrx_word' id='word_1_312' title='bbox 617 3856 908 3909; x_wconf 70' lang='lat' dir='ltr'><strong>Gitlbauer</strong></span> <span class='ocrx_word' id='word_1_313' title='bbox 936 3873 996 3923; x_wconf 77' lang='lat' dir='ltr'><strong>p.</strong></span> <span class='ocrx_word' id='word_1_314' title='bbox 1043 3859 1133 3909; x_wconf 88' lang='lat'><strong>67.</strong></span> <span class='ocrx_word' id='word_1_315' title='bbox 1169 3857 1177 3922; x_wconf 92' lang='grc' dir='ltr'>Ι</span> 
     </span>
    </p>
   </div>
   <div class='ocr_carea' id='block_1_12' title="bbox 363 3957 2586 4029">
    <p class='ocr_par' dir='ltr' id='par_1_12' title="bbox 363 3957 2586 4029">
     <span class='ocr_line' id='line_1_37' title="bbox 363 3957 2586 4029; baseline -0.001 -10"><span class='ocrx_word' id='word_1_316' title='bbox 363 3981 563 4019; x_wconf 80' lang='lat' dir='ltr'><strong>Livius</strong></span> <span class='ocrx_word' id='word_1_317' title='bbox 593 3992 693 4029; x_wconf 72' lang='lat' dir='ltr'><strong>pars</strong></span> <span class='ocrx_word' id='word_1_318' title='bbox 722 3982 824 4021; x_wconf 78' lang='lat' dir='ltr'><strong>VII.</strong></span> <span class='ocrx_word' id='word_1_319' title='bbox 855 3980 966 4020; x_wconf 81' lang='lat' dir='ltr'><strong>fasc.</strong></span> <span class='ocrx_word' id='word_1_320' title='bbox 998 3982 1106 4022; x_wconf 85' lang='lat'>1111.</span> <span class='ocrx_word' id='word_1_321' title='bbox 1140 3980 1293 4018; x_wconf 77' lang='lat' dir='ltr'><strong>Editio</strong></span> <span class='ocrx_word' id='word_1_322' title='bbox 1325 3978 1482 4017; x_wconf 82' lang='lat' dir='ltr'><strong>maior.</strong></span> <span class='ocrx_word' id='word_1_323' title='bbox 2567 3957 2586 4006; x_wconf 90' lang='lat'>]</span> 
     </span>
    </p>
   </div>
   <div class='ocr_carea' id='block_1_13' title="bbox 2741 1486 2766 1526">
    <p class='ocr_par' dir='ltr' id='par_1_13' title="bbox 2741 1486 2766 1526">
     <span class='ocr_line' id='line_1_38' title="bbox 2741 1486 2766 1526; baseline 0 0"><span class='ocrx_word' id='word_1_324' title='bbox 2741 1486 2766 1526; x_wconf 82' lang='lat'><strong>2</strong></span> 
     </span>
    </p>
   </div>
   <div class='ocr_carea' id='block_1_14' title="bbox 2740 1663 2764 1705">
    <p class='ocr_par' dir='ltr' id='par_1_14' title="bbox 2740 1663 2764 1705">
     <span class='ocr_line' id='line_1_39' title="bbox 2740 1663 2764 1705; baseline 0 0"><span class='ocrx_word' id='word_1_325' title='bbox 2740 1663 2764 1705; x_wconf 84' lang='lat'><strong>3</strong></span> 
     </span>
    </p>
   </div>
   <div class='ocr_carea' id='block_1_15' title="bbox 2739 1929 2761 1970">
    <p class='ocr_par' dir='ltr' id='par_1_15' title="bbox 2739 1929 2761 1970">
     <span class='ocr_line' id='line_1_40' title="bbox 2739 1929 2761 1970; baseline 0 0"><span class='ocrx_word' id='word_1_326' title='bbox 2739 1929 2761 1970; x_wconf 80' lang='lat'>4</span> 
     </span>
    </p>
   </div>
  </div>
 </body>
</html>
