3005 4257
429 209 469 272 2
1022 206 1245 260 LIBER
1282 206 1445 259 XLII.
1486 205 1637 259 CAP.
1681 208 1726 258 1.
1766 208 1814 259 2.
1855 202 1926 270 [a.
1963 205 2028 259 U.
2072 221 2116 257 c.
2154 200 2279 269 581]

430 415 495 479 in
556 435 626 480 se
685 412 1034 478 honorifice
1093 432 1302 495 neque
1361 410 1619 497 publice
1678 431 1885 495 neque
1930 410 2227 495 privatim
2272 410 2514 474 factum
2550 429 2589 472 a
2632 408 2820 472 Prae-

432 501 700 567 nestinis
747 508 937 581 esset,
986 499 1359 584 priusquam
1406 500 1486 563 ab
1535 498 1739 562 Roma
1771 498 2302 580 proficisceretur,
2354 497 2597 561 litteras
2630 494 2821 559 Prae·

431 595 611 654 neste
656 588 846 667 misit,
911 593 983 650 ut
1026 586 1150 651 sibi
1199 586 1610 667 magistratus
1658 586 1913 651 obviam
1974 585 2235 664 exirent,
2307 584 2519 648 locum
2565 582 2818 666 publice

431 682 750 761 pararent,
798 674 909 739 ubi
957 672 1410 753 deverteretur,
1459 673 1886 753 iumentaque,
1937 692 2083 736 cum
2115 671 2314 736 exiret
2343 669 2510 750 inde,
2561 675 2816 753 praesto

381 779 406 819 8
435 768 668 830 essent.
716 770 865 826 ante
909 759 1079 824 hunc
1127 760 1452 825 consulem
1481 779 1670 824 nemo
1702 779 2004 841 umquam
2035 758 2226 822 sociis
2273 757 2337 820 in
2384 757 2515 821 ulla
2544 777 2613 821 re
2646 755 2821 819 oneri
2849 784 2876 820 5

380 866 405 905 9
431 855 543 914 aut
587 848 869 932 sumptui
901 847 1041 911 fuit.
1090 847 1236 911 ideo
1268 847 1680 929 magistratus
1712 846 1902 910 mulis
1933 843 2492 925 tabernaculisque
2539 849 2601 907 et
2648 842 2820 907 omni

431 936 560 1001 alio
619 936 1039 1000 instrumento
1099 933 1354 998 militari
1416 933 1827 1012 ornabantur,
1889 952 1969 996 ne
2029 931 2184 1013 quid
2243 931 2373 995 tale
2430 930 2823 1012 imperarent

355 1041 406 1078 10
435 1021 646 1088 sociis.
695 1022 943 1107 privata
974 1021 1256 1106 hospitia
1284 1020 1638 1099 habebant3
1675 1040 1751 1084 ea
1781 1018 2059 1103 benigne
2085 1018 2476 1099 comiterque
2502 1016 2817 1095 colebant,

433 1110 787 1192 domusque
849 1127 1066 1173 eorum
1111 1108 1354 1171 Romae
1413 1107 1776 1191 hospitibus
1833 1106 2155 1190 patebant,
2219 1103 2393 1189 apud
2453 1122 2614 1186 quos
2659 1103 2821 1186 ipsis

358 1213 407 1250 11
438 1196 683 1261 deverti
730 1215 866 1260 mos
912 1202 1106 1260 esset.
1155 1193 1373 1276 legati,
1408 1193 1518 1277 qui
1548 1199 1813 1277 repente
1843 1192 2056 1275 aliquo
2103 1191 2514 1271 mitterentur,
2566 1189 2826 1271 singula
2854 1218 2906 1253 ιο

437 1283 717 1348 iumenta
760 1303 879 1367 per
922 1281 1178 1366 oppida,
1226 1282 1349 1346 iter
1394 1301 1521 1362 qua
1565 1278 1936 1345 faciundum
1967 1285 2120 1359 erat,
2168 1278 2601 1362 imperabant3
2634 1277 2826 1340 aliam

359 1385 410 1424 12
437 1371 769 1454 inpensam
815 1369 972 1434 socii
1031 1369 1099 1432 in
1158 1367 1576 1452 magistratus
1624 1366 1949 1431 Romanos
2007 1387 2129 1430 non
2191 1365 2532 1430 faciebant.
2592 1363 2826 1427 iniuria

437 1456 737 1535 consulis,
784 1456 1035 1521 etiamsi
1077 1455 1269 1535 iusta,
1337 1474 1462 1518 non
1523 1462 1738 1518 tamen
1781 1453 1848 1518 in
1893 1452 2276 1536 magistratu
2322 1450 2700 1529 exercenda,
2766 1457 2828 1513 et

437 1540 762 1608 silentium
807 1543 998 1607 nimis
1044 1548 1155 1606 aut
1199 1540 1558 1606 modestum
1603 1547 1714 1605 aut
1759 1540 2054 1604 timidum
2095 1538 2658 1604 Praenestinorum
2703 1537 2823 1614 iuS,

437 1631 612 1695 velut
641 1632 907 1714 probato
939 1630 1253 1713 exemplo,
1306 1628 1788 1710 magistratibus
1834 1627 1987 1692 fecit
2018 1626 2384 1709 graviorum
2413 1625 2478 1689 in
2510 1623 2648 1689 dies
2678 1623 2827 1687 talis
2857 1651 2909 1687 15

390 1753 393 1757 ·
437 1717 691 1800 generis
734 1716 1162 1802 imperiorum.

388 1880 411 1917 1
648 1856 732 1920 ΙΙ.
782 1854 1103 1939 Principio
1148 1853 1337 1919 huius
1383 1853 1533 1918 anni
1576 1852 1793 1935 legati,
1859 1851 1969 1935 qui
2027 1850 2093 1916 in
2139 1851 2455 1916 Aetoliam
2516 1856 2579 1914 et
2626 1849 2832 1912 Mace-

392 1992 396 1996 »
444 1941 702 2006 doniam
745 1942 928 2007 missi
973 1948 1172 2021 erant,
1221 1941 1688 2021 renuntiarunt,
1737 1939 1861 2005 sibi
1907 1937 2325 2004 conveniendi
2371 1936 2546 2018 regis
2594 1936 2831 2014 Persei,

443 2049 585 2094 cum
629 2029 740 2093 alii
785 2028 1018 2094 abesse
1051 2049 1210 2108 eum,
1261 2027 1370 2092 alii
1402 2046 1668 2109 aegrum
1699 2046 1862 2106 esse,
1913 2025 2077 2090 falso
2109 2032 2465 2105 utrumque,
2498 2024 2831 2104 fingerent,

389 2139 414 2177 2
441 2123 826 2202 potestatem
870 2137 998 2181 non
1022 2115 1279 2181 factam.
1340 2114 1532 2179 facile
1563 2122 1779 2179 tamen
1809 2112 2189 2199 apparuisse
2221 2111 2363 2193 sibi,
2396 2130 2565 2175 nunc
2598 2109 2835 2174 bellum
2862 2145 2915 2183 20

441 2205 669 2288 parari,
733 2222 852 2268 nec
898 2204 1065 2267 ultra
1111 2203 1197 2267 ad
1257 2223 1436 2267 arma
1479 2202 1573 2265 ire
1621 2201 1983 2265 dilaturum.
2056 2201 2209 2263 item
2254 2199 2320 2263 in
2365 2198 2620 2262 Aetolia
2665 2195 2832 2261 sedi-

441 2291 678 2355 tionem
723 2289 996 2372 gliscere
1041 2290 1108 2353 in
1155 2288 1311 2370 dieS,
1361 2309 1570 2372 neque
1600 2286 2067 2353 discordiarum
2098 2286 2421 2370 principes
2451 2282 2829 2348 auctoritate

390 2397 415 2436 ³
443 2397 562 2444 sua
607 2376 885 2442 coerceri
930 2375 1236 2460 potuisse.
1288 2396 1437 2441 cum
1468 2375 1708 2440 bellum
1737 2373 2223 2438 Macedonicum
2276 2373 2341 2435 in
2388 2367 2831 2456 expectatione

442 2474 634 2544 esset,
704 2463 1078 2548 priusquam
1145 2462 1213 2526 id
1281 2463 1732 2547 susciperetur,
1799 2459 2096 2545 prodigia
2162 2458 2413 2543 expiari
2478 2476 2833 2543 pacemque

651 2623 696 2673 1.
734 2619 1225 2686 honorificeneque
1275 2618 1367 2685 (ne
1405 2620 1459 2671 in
1495 2615 1666 2684 eraso)
1711 2615 1719 2684 Ι
1751 2617 2008 2685 publicae
2039 2615 2048 2683 Ι
2080 2619 2129 2670 3.
2175 2616 2373 2683 exiret,
2423 2633 2558 2668 corr.
2599 2615 2775 2668 Hertz.
2825 2611 2830 2679 Ι

439 2707 713 2777 publicae.
746 2706 755 2773 Ι
786 2711 835 2760 4.
873 2712 1114 2775 pararet,
1152 2725 1288 2761 corr.
1331 2708 1507 2760 Hertz.
1541 2704 1550 2773 Ι
1582 2710 1630 2759 5.
1668 2710 1830 2768 esset,
1851 2723 1986 2758 corr.
2024 2708 2101 2759 ed.
2128 2702 2448 2757 Bas.·1531.
2481 2700 2490 2768 Ι
2524 2702 2654 2769 soci,
2693 2720 2831 2755 corr.

441 2797 518 2847 ed.
566 2794 696 2847 Bas.
735 2793 900 2850 1531.
946 2794 954 2860 Ι
998 2798 1045 2848 7.
1085 2795 1528 2849 aliostrumentO.
1579 2794 1588 2861 Ι
1636 2797 1685 2847 9.
1722 2797 1871 2862 aput.
1917 2790 1925 2859 Ι
1972 2796 2051 2846 10.
2073 2792 2316 2859 aliquod.
2360 2790 2370 2859 Ι
2416 2795 2498 2844 11.
2551 2790 2836 2858 quaefaci-

441 2881 679 2952 untdum
731 2897 854 2962 (litt.
890 2903 914 2951 t
942 2898 1235 2968 perfossa).
1268 2895 1276 2965 Ι
1312 2901 1393 2951 12.
1414 2895 1716 2963 Romana!
1753 2897 1972 2963 iniuria,
2020 2898 2092 2965 (ff.
2132 2896 2326 2950 Hartel
2354 2914 2411 2965 Ρ.
2453 2898 2543 2961 14;
2579 2897 2666 2948 ira
2700 2898 2834 2948 coni.

444 2987 689 3051 &heliu-3,
726 2986 802 3055 ef.
840 2985 910 3037 H.
949 2986 996 3037 I.
1033 2985 1233 3039 Mitller
1268 3002 1390 3038 ann.
1427 2985 1606 3037 Berol.
1647 2983 1796 3037 1889
1825 3001 1881 3052 Ρ.
1921 2982 2027 3049 2.9;
2064 2983 2355 3037 iracundia
2392 2983 2603 3034 Harant
2634 3000 2690 3051 p.
2717 2984 2837 3048 232,

441 3073 572 3126 inde
626 3072 710 3126 ira
759 3073 1117 3125 Weissenborn
1158 3074 1235 3126 ed.
1279 3073 1492 3137 Teubn.,
1541 3077 1660 3124 tum
1697 3072 1780 3124 ira
1815 3073 1950 3123 idem
1985 3074 2041 3124 in
2078 3073 2202 3123 adn.
2242 3074 2319 3124 ed.
2373 3071 2605 3134 Weidm„
2643 3067 2838 3122 Nova'lc

438 3177 494 3230 p.
532 3156 650 3211 260
689 3157 789 3223 (an
812 3159 995 3211 Livius
1029 3161 1313 3227 scripserat
1348 3157 1431 3212 ira
1466 3157 1732 3222 consulis,
1770 3157 1876 3211 etsi
1913 3175 2026 3211 non
2051 3158 2277 3225 iniusta,
2316 3173 2427 3209 non
2463 3160 2650 3208 tamen
2688 3164 2738 3207 et
2756 3173 2834 3218 ea,

447 3263 579 3315 quae
624 3263 760 3299 nunc
809 3248 1040 3314 leyimus,
1100 3247 1236 3297 notis
1282 3247 1386 3298 illis
1432 3247 1801 3315 dittoyrapbiis
1848 3246 2360 3312 aberrationibusque
2405 3244 2668 3311 paulatim
2716 3254 2835 3295 orta

443 3341 563 3384 sunt
575 3330 671 3397 ?*).
705 3330 713 3398 Ι
749 3334 827 3383 14.
846 3332 1028 3385 minis.
1060 3329 1068 3398 Ι
1100 3325 1375 3384 tumidum
1393 3328 2197 3397 Penestinorumiussuuelllut.
2231 3328 2240 3395 Ι
2274 3333 2353 3382 17.
2373 3325 2835 3394 Macaedoniam.l

448 3420 528 3471 18.
549 3418 912 3472 conuenendi.
945 3418 954 3482 Ι
990 3421 1071 3471 19.
1109 3414 2041 3484 cumaliiabessecumaliiaegrum.l
2078 3420 2160 3471 20.
2214 3416 2666 3482 sibinonbellum‚
2732 3418 2840 3470 sibi

443 3522 593 3558 nunc
628 3505 842 3558 bellum
893 3505 1248 3557 Weissenborn
1287 3506 1341 3555 in
1377 3507 1454 3557 ed.
1495 3505 1688 3556 Teubn.
1726 3503 1816 3563 (de
1853 3505 2054 3556 vocibus
2091 3519 2207 3555 non
2243 3512 2290 3556 et
2327 3519 2476 3555 nunc
2513 3505 2569 3554 in
2607 3505 2837 3572 antiquis

443 3592 592 3644 libris
617 3594 933 3661 permutatis
967 3593 1039 3661 cf.
1067 3591 1226 3658 Ziny.
1249 3592 1398 3643 Stud.
1434 3609 1498 3642 zu
1524 3591 1701 3643 Hilar.
1738 3588 1887 3644 1885
1904 3610 1959 3660 Ρ.
1988 3588 2026 3643 6²
2031 3590 2105 3655 7),
2142 3590 2251 3643 sibi
2271 3606 2381 3642 non
2405 3589 2599 3653 <aliis>
2624 3590 2837 3643 bellum

444 3679 635 3732 Hartel
661 3697 717 3748 Ρ.
754 3677 844 3743 16,
885 3678 986 3732 sibi
1019 3694 1225 3730 novum
1244 3678 1458 3731 bellum
1492 3677 1765 3746 Pluygers,
1804 3678 1910 3731 sibi
1944 3678 2156 3730 bellum
2193 3680 2270 3729 ed.
2307 3677 2438 3735 Bas,
2477 3675 2627 3729 1531
2675 3686 2723 3729 et
2760 3678 2837 3729 ed.

441 3784 517 3854 pl.
550 3780 558 3849 Ι
590 3785 673 3835 21.
693 3766 995 3849 necaultra,
1028 3798 1132 3836 nec
1163 3781 1424 3849 <regem>
1449 3782 1678 3835 ultraH.
1702 3782 1983 3835 Lvaller*
2024 3779 2034 3847 Ι
2072 3780 2206 3848 iret!
2242 3780 2500 3848 (regem)
2533 3780 2837 3834 dilaturum

449 3885 619 3954 Cobet,
654 3890 746 3940 sed
778 3889 851 3955 cf.
886 3888 1182 3940 Hartelium
1219 3889 1251 3939 l.
1292 3889 1326 3939 l.
1359 3884 1367 3952 Ι
1399 3888 1457 3939 in
1494 3887 1770 3941 Aetoliam
1802 3884 1811 3953 Ι
1844 3889 1925 3938 22.
1967 3869 2385 3940 discereindieS.
