<?xml version="1.0" encoding="UTF-8"?>
<!DOCTYPE html PUBLIC "-//W3C//DTD XHTML 1.0 Transitional//EN"
    "http://www.w3.org/TR/xhtml1/DTD/xhtml1-transitional.dtd">
<html xmlns="http://www.w3.org/1999/xhtml" xml:lang="en" lang="en">
 <head>
  <title>
</title>
<meta http-equiv="Content-Type" content="text/html;charset=utf-8" />
  <meta name='ocr-system' content='tesseract 3.04.00' />
  <meta name='ocr-capabilities' content='ocr_page ocr_carea ocr_par ocr_line ocrx_word'/>
</head>
<body>
  <div class='ocr_page' id='page_1' title='image "./tliviaburbecond01zinggoog_0166.png"; bbox 0 0 3005 4257; ppageno 0'>
   <div class='ocr_carea' id='block_1_1' title="bbox 384 226 2269 306">
    <p class='ocr_par' dir='ltr' id='par_1_1' title="bbox 384 226 2269 306">
     <span class='ocr_line' id='line_1_1' title="bbox 384 226 2269 306; baseline 0.002 -20"><span class='ocrx_word' id='word_1_1' title='bbox 384 226 463 286; x_wconf 83' lang='lat'>18</span> <span class='ocrx_word' id='word_1_2' title='bbox 869 237 1097 292; x_wconf 85' lang='lat' dir='ltr'>LIBER</span> <span class='ocrx_word' id='word_1_3' title='bbox 1134 237 1336 292; x_wconf 91' lang='lat' dir='ltr'>XLIV.</span> <span class='ocrx_word' id='word_1_4' title='bbox 1377 237 1542 292; x_wconf 83' lang='lat' dir='ltr'>CAP.</span> <span class='ocrx_word' id='word_1_5' title='bbox 1587 239 1669 290; x_wconf 84' lang='lat'>12.</span> <span class='ocrx_word' id='word_1_6' title='bbox 1709 239 1793 291; x_wconf 84' lang='lat'>13.</span> <span class='ocrx_word' id='word_1_7' title='bbox 1836 239 1909 306; x_wconf 86' lang='lat' dir='ltr'>[a.</span> <span class='ocrx_word' id='word_1_8' title='bbox 1951 238 2015 292; x_wconf 89' lang='lat' dir='ltr'>U.</span> <span class='ocrx_word' id='word_1_9' title='bbox 2057 255 2103 292; x_wconf 87' lang='lat' dir='ltr'>c.</span> <span class='ocrx_word' id='word_1_10' title='bbox 2142 237 2269 305; x_wconf 82' lang='lat'>585]</span> 
     </span>
    </p>
   </div>
   <div class='ocr_carea' id='block_1_2' title="bbox 317 410 2797 500">
    <p class='ocr_par' dir='ltr' id='par_1_2' title="bbox 317 410 2797 500">
     <span class='ocr_line' id='line_1_2' title="bbox 317 410 2797 500; baseline -0.001 -16"><span class='ocrx_word' id='word_1_11' title='bbox 317 443 342 484; x_wconf 84' lang='lat'><strong>3</strong></span> <span class='ocrx_word' id='word_1_12' title='bbox 381 438 505 498; x_wconf 93' lang='lat' dir='ltr'>que</span> <span class='ocrx_word' id='word_1_13' title='bbox 544 426 883 500; x_wconf 92' lang='lat' dir='ltr'>erumpunt</span> <span class='ocrx_word' id='word_1_14' title='bbox 920 418 1386 497; x_wconf 89' lang='lat' dir='ltr'>Romanosque,</span> <span class='ocrx_word' id='word_1_15' title='bbox 1436 417 1545 497; x_wconf 90' lang='lat' dir='ltr'>qui</span> <span class='ocrx_word' id='word_1_16' title='bbox 1586 410 1698 479; x_wconf 85' lang='lat' dir='ltr'>alii</span> <span class='ocrx_word' id='word_1_17' title='bbox 1749 416 2012 480; x_wconf 84' lang='lat' dir='ltr'>aliunde</span> <span class='ocrx_word' id='word_1_18' title='bbox 2053 416 2313 480; x_wconf 82' lang='lat' dir='ltr'>coibant</span> <span class='ocrx_word' id='word_1_19' title='bbox 2351 417 2797 481; x_wconf 87' lang='lat' dir='ltr'>convocaban-</span> 
     </span>
    </p>
   </div>
   <div class='ocr_carea' id='block_1_3' title="bbox 288 506 2796 589">
    <p class='ocr_par' dir='ltr' id='par_1_3' title="bbox 288 506 2796 589">
     <span class='ocr_line' id='line_1_3' title="bbox 288 506 2796 589; baseline -0.002 -17"><span class='ocrx_word' id='word_1_20' title='bbox 288 520 295 573; x_wconf 66' lang='grc' dir='ltr'><em>ᾳ</em></span> <span class='ocrx_word' id='word_1_21' title='bbox 381 516 628 587; x_wconf 92' lang='lat' dir='ltr'>turque,</span> <span class='ocrx_word' id='word_1_22' title='bbox 687 513 756 571; x_wconf 94' lang='lat' dir='ltr'>ut</span> <span class='ocrx_word' id='word_1_23' title='bbox 812 506 999 589; x_wconf 91' lang='lat' dir='ltr'>signa</span> <span class='ocrx_word' id='word_1_24' title='bbox 1054 507 1121 569; x_wconf 92' lang='lat' dir='ltr'>in</span> <span class='ocrx_word' id='word_1_25' title='bbox 1168 506 1391 570; x_wconf 89' lang='lat' dir='ltr'>urbem</span> <span class='ocrx_word' id='word_1_26' title='bbox 1436 506 1762 585; x_wconf 78' lang='lat' dir='ltr'><strong>inferrent,</strong></span> <span class='ocrx_word' id='word_1_27' title='bbox 1817 506 2254 588; x_wconf 80' lang='lat' dir='ltr'>inconpositos</span> <span class='ocrx_word' id='word_1_28' title='bbox 2312 506 2796 586; x_wconf 88' lang='lat' dir='ltr'>atqueinordi-</span> 
     </span>
    </p>
   </div>
   <div class='ocr_carea' id='block_1_4' title="bbox 318 593 2889 2110">
    <p class='ocr_par' dir='ltr' id='par_1_4' title="bbox 318 593 2889 2110">
     <span class='ocr_line' id='line_1_4' title="bbox 382 593 2796 678; baseline 0 -20"><span class='ocrx_word' id='word_1_29' title='bbox 382 605 567 660; x_wconf 91' lang='lat' dir='ltr'>natos</span> <span class='ocrx_word' id='word_1_30' title='bbox 641 595 867 677; x_wconf 88' lang='lat' dir='ltr'>fugant</span> <span class='ocrx_word' id='word_1_31' title='bbox 940 604 1482 678; x_wconf 79' lang='lat' dir='ltr'>persecunturque</span> <span class='ocrx_word' id='word_1_32' title='bbox 1561 595 1647 658; x_wconf 89' lang='lat' dir='ltr'>ad</span> <span class='ocrx_word' id='word_1_33' title='bbox 1711 593 1971 672; x_wconf 87' lang='lat' dir='ltr'>fossam,</span> <span class='ocrx_word' id='word_1_34' title='bbox 2044 595 2112 659; x_wconf 84' lang='lat' dir='ltr'>in&#39;</span> <span class='ocrx_word' id='word_1_35' title='bbox 2186 614 2379 675; x_wconf 85' lang='lat' dir='ltr'>quam</span> <span class='ocrx_word' id='word_1_36' title='bbox 2449 596 2796 677; x_wconf 89' lang='lat' dir='ltr'>conpulsos</span> 
     </span>
     <span class='ocr_line' id='line_1_5' title="bbox 381 683 2797 766; baseline -0.001 -17"><span class='ocrx_word' id='word_1_37' title='bbox 381 686 568 750; x_wconf 91' lang='lat' dir='ltr'>ruina</span> <span class='ocrx_word' id='word_1_38' title='bbox 627 687 970 751; x_wconf 91' lang='lat' dir='ltr'>cumulant.</span> <span class='ocrx_word' id='word_1_39' title='bbox 1031 684 1310 750; x_wconf 87' lang='lat' dir='ltr'>sescenti</span> <span class='ocrx_word' id='word_1_40' title='bbox 1365 684 1568 748; x_wconf 86' lang='lat' dir='ltr'>ferme</span> <span class='ocrx_word' id='word_1_41' title='bbox 1626 684 1720 748; x_wconf 93' lang='lat' dir='ltr'>ibi</span> <span class='ocrx_word' id='word_1_42' title='bbox 1778 683 2115 763; x_wconf 80' lang='lat' dir='ltr'>interfecti,</span> <span class='ocrx_word' id='word_1_43' title='bbox 2172 703 2523 764; x_wconf 91' lang='lat' dir='ltr'>omnesque</span> <span class='ocrx_word' id='word_1_44' title='bbox 2578 704 2797 766; x_wconf 83' lang='lat' dir='ltr'>prope,</span> 
     </span>
     <span class='ocr_line' id='line_1_6' title="bbox 318 773 2889 856; baseline 0 -18"><span class='ocrx_word' id='word_1_45' title='bbox 318 798 343 838; x_wconf 72' lang='lat'><strong>4</strong></span> <span class='ocrx_word' id='word_1_46' title='bbox 383 775 491 856; x_wconf 92' lang='lat' dir='ltr'>qui</span> <span class='ocrx_word' id='word_1_47' title='bbox 536 776 702 838; x_wconf 89' lang='lat' dir='ltr'>inter</span> <span class='ocrx_word' id='word_1_48' title='bbox 750 795 999 838; x_wconf 93' lang='lat' dir='ltr'>murum</span> <span class='ocrx_word' id='word_1_49' title='bbox 1045 773 1416 854; x_wconf 85' lang='lat' dir='ltr'>fossamque</span> <span class='ocrx_word' id='word_1_50' title='bbox 1465 774 1765 856; x_wconf 86' lang='lat' dir='ltr'>deprensi</span> <span class='ocrx_word' id='word_1_51' title='bbox 1816 782 2014 854; x_wconf 91' lang='lat' dir='ltr'>erant,</span> <span class='ocrx_word' id='word_1_52' title='bbox 2062 776 2491 838; x_wconf 89' lang='lat' dir='ltr'>volnerantur.</span> <span class='ocrx_word' id='word_1_53' title='bbox 2541 774 2631 837; x_wconf 91' lang='lat' dir='ltr'>ita</span> <span class='ocrx_word' id='word_1_54' title='bbox 2679 792 2796 837; x_wconf 91' lang='lat' dir='ltr'>suo</span> <span class='ocrx_word' id='word_1_55' title='bbox 2864 795 2889 839; x_wconf 86' lang='lat'>5</span> 
     </span>
     <span class='ocr_line' id='line_1_7' title="bbox 381 861 2796 946; baseline -0.001 -18"><span class='ocrx_word' id='word_1_56' title='bbox 381 866 521 946; x_wconf 91' lang='lat' dir='ltr'>ipse</span> <span class='ocrx_word' id='word_1_57' title='bbox 579 872 809 928; x_wconf 86' lang='lat' dir='ltr'>conatu</span> <span class='ocrx_word' id='word_1_58' title='bbox 864 866 1199 946; x_wconf 90' lang='lat' dir='ltr'>perculsus</span> <span class='ocrx_word' id='word_1_59' title='bbox 1263 871 1523 946; x_wconf 91' lang='lat' dir='ltr'>praetor</span> <span class='ocrx_word' id='word_1_60' title='bbox 1580 863 1838 946; x_wconf 83' lang='lat' dir='ltr'>segnior</span> <span class='ocrx_word' id='word_1_61' title='bbox 1903 863 1989 927; x_wconf 90' lang='lat' dir='ltr'>ad</span> <span class='ocrx_word' id='word_1_62' title='bbox 2047 863 2181 926; x_wconf 89' lang='lat' dir='ltr'>alia</span> <span class='ocrx_word' id='word_1_63' title='bbox 2246 863 2455 927; x_wconf 84' lang='lat' dir='ltr'>factus</span> <span class='ocrx_word' id='word_1_64' title='bbox 2522 861 2796 926; x_wconf 86' lang='lat' dir='ltr'>consilia</span> 
     </span>
     <span class='ocr_line' id='line_1_8' title="bbox 382 951 2792 1034; baseline -0.002 -16"><span class='ocrx_word' id='word_1_65' title='bbox 382 963 536 1018; x_wconf 89' lang='lat' dir='ltr'>erat.</span> <span class='ocrx_word' id='word_1_66' title='bbox 588 959 651 1017; x_wconf 90' lang='lat' dir='ltr'>et</span> <span class='ocrx_word' id='word_1_67' title='bbox 699 973 777 1017; x_wconf 91' lang='lat' dir='ltr'>ne</span> <span class='ocrx_word' id='word_1_68' title='bbox 823 953 1096 1017; x_wconf 89' lang='lat' dir='ltr'>Eumeni</span> <span class='ocrx_word' id='word_1_69' title='bbox 1144 951 1421 1034; x_wconf 88' lang='lat' dir='ltr'>quidem,</span> <span class='ocrx_word' id='word_1_70' title='bbox 1480 953 1672 1016; x_wconf 90' lang='lat' dir='ltr'>simul</span> <span class='ocrx_word' id='word_1_71' title='bbox 1723 973 1761 1015; x_wconf 92' lang='lat' dir='ltr'>a</span> <span class='ocrx_word' id='word_1_72' title='bbox 1811 953 1971 1016; x_wconf 90' lang='lat' dir='ltr'>mari</span> <span class='ocrx_word' id='word_1_73' title='bbox 2020 952 2213 1016; x_wconf 89' lang='lat' dir='ltr'>simul</span> <span class='ocrx_word' id='word_1_74' title='bbox 2262 974 2303 1016; x_wconf 92' lang='lat' dir='ltr'>a</span> <span class='ocrx_word' id='word_1_75' title='bbox 2349 960 2520 1015; x_wconf 88' lang='lat' dir='ltr'>terra</span> <span class='ocrx_word' id='word_1_76' title='bbox 2566 952 2792 1032; x_wconf 94' lang='lat' dir='ltr'>adgre-</span> 
     </span>
     <span class='ocr_line' id='line_1_9' title="bbox 319 1041 2791 1124; baseline -0.002 -16"><span class='ocrx_word' id='word_1_77' title='bbox 319 1066 344 1108; x_wconf 88' lang='lat'><strong>5</strong></span> <span class='ocrx_word' id='word_1_78' title='bbox 383 1043 601 1122; x_wconf 91' lang='lat' dir='ltr'>dienti,</span> <span class='ocrx_word' id='word_1_79' title='bbox 650 1041 1001 1123; x_wconf 86' lang='lat' dir='ltr'>quidquam</span> <span class='ocrx_word' id='word_1_80' title='bbox 1050 1043 1210 1106; x_wconf 87' lang='lat' dir='ltr'>satis</span> <span class='ocrx_word' id='word_1_81' title='bbox 1258 1041 1664 1124; x_wconf 91' lang='lat' dir='ltr'>procedebat.</span> <span class='ocrx_word' id='word_1_82' title='bbox 1721 1042 1967 1124; x_wconf 90' lang='lat' dir='ltr'>placuit</span> <span class='ocrx_word' id='word_1_83' title='bbox 2024 1041 2220 1123; x_wconf 91' lang='lat' dir='ltr'>igitur</span> <span class='ocrx_word' id='word_1_84' title='bbox 2266 1044 2538 1122; x_wconf 90' lang='lat' dir='ltr'>utrique,</span> <span class='ocrx_word' id='word_1_85' title='bbox 2589 1049 2791 1104; x_wconf 91' lang='lat' dir='ltr'>custo-</span> 
     </span>
     <span class='ocr_line' id='line_1_10' title="bbox 383 1130 2794 1214; baseline -0.002 -17"><span class='ocrx_word' id='word_1_86' title='bbox 383 1133 508 1197; x_wconf 90' lang='lat' dir='ltr'>diis</span> <span class='ocrx_word' id='word_1_87' title='bbox 546 1132 836 1208; x_wconf 69' lang='lat' dir='ltr'>firmafis,</span> <span class='ocrx_word' id='word_1_88' title='bbox 878 1152 956 1195; x_wconf 93' lang='lat' dir='ltr'>ne</span> <span class='ocrx_word' id='word_1_89' title='bbox 995 1133 1164 1213; x_wconf 92' lang='lat' dir='ltr'>quod</span> <span class='ocrx_word' id='word_1_90' title='bbox 1204 1130 1602 1214; x_wconf 86' lang='lat' dir='ltr'>praesidium</span> <span class='ocrx_word' id='word_1_91' title='bbox 1643 1152 1723 1194; x_wconf 88' lang='lat' dir='ltr'>ex</span> <span class='ocrx_word' id='word_1_92' title='bbox 1762 1131 2145 1195; x_wconf 92' lang='lat' dir='ltr'>Macedonia</span> <span class='ocrx_word' id='word_1_93' title='bbox 2184 1131 2520 1195; x_wconf 83' lang='lat' dir='ltr'>intromitti</span> <span class='ocrx_word' id='word_1_94' title='bbox 2558 1137 2794 1213; x_wconf 88' lang='lat' dir='ltr'>posset,</span> 
     </span>
     <span class='ocr_line' id='line_1_11' title="bbox 383 1220 2889 1304; baseline -0.002 -17"><span class='ocrx_word' id='word_1_95' title='bbox 383 1222 684 1304; x_wconf 90' lang='lat' dir='ltr'>quoniam</span> <span class='ocrx_word' id='word_1_96' title='bbox 724 1221 823 1285; x_wconf 88' lang='lat' dir='ltr'>vis</span> <span class='ocrx_word' id='word_1_97' title='bbox 862 1229 1088 1304; x_wconf 87' lang='lat' dir='ltr'>aperta</span> <span class='ocrx_word' id='word_1_98' title='bbox 1126 1241 1255 1284; x_wconf 92' lang='lat' dir='ltr'>non</span> <span class='ocrx_word' id='word_1_99' title='bbox 1291 1220 1731 1303; x_wconf 86' lang='lat' dir='ltr'>processisset,</span> <span class='ocrx_word' id='word_1_100' title='bbox 1762 1221 2063 1303; x_wconf 87' lang='lat' dir='ltr'>operibus</span> <span class='ocrx_word' id='word_1_101' title='bbox 2105 1220 2360 1283; x_wconf 91' lang='lat' dir='ltr'>moenia</span> <span class='ocrx_word' id='word_1_102' title='bbox 2400 1238 2792 1302; x_wconf 86' lang='lat' dir='ltr'>oppugnare.</span> <span class='ocrx_word' id='word_1_103' title='bbox 2834 1240 2889 1283; x_wconf 91' lang='lat'>10</span> 
     </span>
     <span class='ocr_line' id='line_1_12' title="bbox 319 1310 2794 1393; baseline -0.002 -19"><span class='ocrx_word' id='word_1_104' title='bbox 319 1331 344 1374; x_wconf 88' lang='lat'>6</span> <span class='ocrx_word' id='word_1_105' title='bbox 382 1311 547 1375; x_wconf 91' lang='lat' dir='ltr'>haec</span> <span class='ocrx_word' id='word_1_106' title='bbox 602 1311 981 1393; x_wconf 88' lang='lat' dir='ltr'>parantibus</span> <span class='ocrx_word' id='word_1_107' title='bbox 1044 1310 1126 1374; x_wconf 90' lang='lat' dir='ltr'>iis</span> <span class='ocrx_word' id='word_1_108' title='bbox 1183 1312 1409 1374; x_wconf 91' lang='lat' dir='ltr'>decem</span> <span class='ocrx_word' id='word_1_109' title='bbox 1474 1310 1637 1391; x_wconf 92' lang='lat' dir='ltr'>regii</span> <span class='ocrx_word' id='word_1_110' title='bbox 1702 1310 1899 1373; x_wconf 92' lang='lat' dir='ltr'>lembi</span> <span class='ocrx_word' id='word_1_111' title='bbox 1966 1311 2049 1374; x_wconf 92' lang='lat' dir='ltr'>ab</span> <span class='ocrx_word' id='word_1_112' title='bbox 2116 1310 2584 1373; x_wconf 85' lang='lat' dir='ltr'>Thessalonica</span> <span class='ocrx_word' id='word_1_113' title='bbox 2649 1328 2794 1371; x_wconf 92' lang='lat' dir='ltr'>cum</span> 
     </span>
     <span class='ocr_line' id='line_1_13' title="bbox 383 1398 2791 1479; baseline -0.002 -15"><span class='ocrx_word' id='word_1_114' title='bbox 383 1401 654 1466; x_wconf 90' lang='lat' dir='ltr'>delectis</span> <span class='ocrx_word' id='word_1_115' title='bbox 694 1400 1024 1464; x_wconf 81' lang='lat' dir='ltr'>Gallorum</span> <span class='ocrx_word' id='word_1_116' title='bbox 1063 1399 1487 1464; x_wconf 86' lang='lat' dir='ltr'>auxiliaribus</span> <span class='ocrx_word' id='word_1_117' title='bbox 1521 1399 1716 1479; x_wconf 89' lang='lat' dir='ltr'>missi,</span> <span class='ocrx_word' id='word_1_118' title='bbox 1758 1419 1900 1463; x_wconf 91' lang='lat' dir='ltr'>cum</span> <span class='ocrx_word' id='word_1_119' title='bbox 1948 1398 2014 1461; x_wconf 92' lang='lat' dir='ltr'>in</span> <span class='ocrx_word' id='word_1_120' title='bbox 2055 1400 2196 1462; x_wconf 89' lang='lat' dir='ltr'>salo</span> <span class='ocrx_word' id='word_1_121' title='bbox 2228 1406 2470 1463; x_wconf 91' lang='lat' dir='ltr'>stantes</span> <span class='ocrx_word' id='word_1_122' title='bbox 2512 1398 2791 1462; x_wconf 89' lang='lat' dir='ltr'>hostium</span> 
     </span>
     <span class='ocr_line' id='line_1_14' title="bbox 384 1487 2792 1572; baseline -0.002 -19"><span class='ocrx_word' id='word_1_123' title='bbox 384 1509 584 1553; x_wconf 89' lang='lat' dir='ltr'>naves</span> <span class='ocrx_word' id='word_1_124' title='bbox 643 1490 1150 1572; x_wconf 84' lang='lat' dir='ltr'>conspexissent,</span> <span class='ocrx_word' id='word_1_125' title='bbox 1210 1489 1334 1571; x_wconf 92' lang='lat' dir='ltr'>ipsi</span> <span class='ocrx_word' id='word_1_126' title='bbox 1382 1489 1654 1552; x_wconf 89' lang='lat' dir='ltr'>obscura</span> <span class='ocrx_word' id='word_1_127' title='bbox 1704 1497 1912 1566; x_wconf 91' lang='lat' dir='ltr'>nocte,</span> <span class='ocrx_word' id='word_1_128' title='bbox 1964 1487 2245 1569; x_wconf 88' lang='lat' dir='ltr'>simplici</span> <span class='ocrx_word' id='word_1_129' title='bbox 2303 1487 2544 1560; x_wconf 89' lang='lat' dir='ltr'>ordine,</span> <span class='ocrx_word' id='word_1_130' title='bbox 2600 1506 2792 1567; x_wconf 88' lang='lat' dir='ltr'>quam</span> 
     </span>
     <span class='ocr_line' id='line_1_15' title="bbox 320 1574 2793 1662; baseline -0.002 -20"><span class='ocrx_word' id='word_1_131' title='bbox 320 1599 342 1642; x_wconf 81' lang='lat'>7</span> <span class='ocrx_word' id='word_1_132' title='bbox 382 1585 681 1662; x_wconf 92' lang='lat' dir='ltr'>poterant</span> <span class='ocrx_word' id='word_1_133' title='bbox 745 1577 1036 1661; x_wconf 83' lang='lat' dir='ltr'>proxime</span> <span class='ocrx_word' id='word_1_134' title='bbox 1098 1579 1255 1642; x_wconf 88' lang='lat' dir='ltr'>litus</span> <span class='ocrx_word' id='word_1_135' title='bbox 1323 1583 1633 1656; x_wconf 88' lang='lat' dir='ltr'>tenentes,</span> <span class='ocrx_word' id='word_1_136' title='bbox 1699 1578 2016 1641; x_wconf 88' lang='lat' dir='ltr'>intrarunt</span> <span class='ocrx_word' id='word_1_137' title='bbox 2081 1578 2320 1641; x_wconf 91' lang='lat' dir='ltr'>urbem.</span> <span class='ocrx_word' id='word_1_138' title='bbox 2385 1576 2575 1640; x_wconf 91' lang='lat' dir='ltr'>huius</span> <span class='ocrx_word' id='word_1_139' title='bbox 2641 1574 2793 1639; x_wconf 92' lang='lat' dir='ltr'>novi</span> 
     </span>
     <span class='ocr_line' id='line_1_16' title="bbox 382 1667 2888 1751; baseline -0.002 -19"><span class='ocrx_word' id='word_1_140' title='bbox 382 1667 693 1751; x_wconf 91' lang='lat' dir='ltr'>praesidii</span> <span class='ocrx_word' id='word_1_141' title='bbox 739 1667 916 1732; x_wconf 86' lang='lat' dir='ltr'>fama</span> <span class='ocrx_word' id='word_1_142' title='bbox 963 1668 1274 1732; x_wconf 89' lang='lat' dir='ltr'>absistere</span> <span class='ocrx_word' id='word_1_143' title='bbox 1314 1667 1797 1750; x_wconf 85' lang='lat' dir='ltr'>oppugnatione</span> <span class='ocrx_word' id='word_1_144' title='bbox 1846 1667 2036 1730; x_wconf 91' lang='lat' dir='ltr'>simul</span> <span class='ocrx_word' id='word_1_145' title='bbox 2076 1668 2401 1729; x_wconf 89' lang='lat' dir='ltr'>Romanos</span> <span class='ocrx_word' id='word_1_146' title='bbox 2448 1684 2791 1747; x_wconf 87' lang='lat' dir='ltr'>regemque</span> <span class='ocrx_word' id='word_1_147' title='bbox 2832 1684 2888 1727; x_wconf 84' lang='lat'>15</span> 
     </span>
     <span class='ocr_line' id='line_1_17' title="bbox 384 1756 2793 1842; baseline -0.002 -21"><span class='ocrx_word' id='word_1_148' title='bbox 384 1758 618 1842; x_wconf 86' lang='lat' dir='ltr'>coegit.</span> <span class='ocrx_word' id='word_1_149' title='bbox 679 1757 1092 1821; x_wconf 88' lang='lat' dir='ltr'>circumvecti</span> <span class='ocrx_word' id='word_1_150' title='bbox 1137 1756 1648 1839; x_wconf 81' lang='lat' dir='ltr'>promunturium</span> <span class='ocrx_word' id='word_1_151' title='bbox 1707 1756 1789 1819; x_wconf 90' lang='lat' dir='ltr'>ad</span> <span class='ocrx_word' id='word_1_152' title='bbox 1846 1757 2143 1820; x_wconf 88' lang='lat' dir='ltr'>Toronen</span> <span class='ocrx_word' id='word_1_153' title='bbox 2200 1756 2476 1818; x_wconf 88' lang='lat' dir='ltr'>classem</span> <span class='ocrx_word' id='word_1_154' title='bbox 2532 1756 2793 1837; x_wconf 90' lang='lat' dir='ltr'>appule-</span> 
     </span>
     <span class='ocr_line' id='line_1_18' title="bbox 320 1843 2793 1929; baseline -0.001 -20"><span class='ocrx_word' id='word_1_155' title='bbox 320 1867 346 1909; x_wconf 82' lang='lat' dir='ltr'>s</span> <span class='ocrx_word' id='word_1_156' title='bbox 384 1856 548 1911; x_wconf 91' lang='lat' dir='ltr'>runt.</span> <span class='ocrx_word' id='word_1_157' title='bbox 601 1868 742 1910; x_wconf 91' lang='lat' dir='ltr'>eam</span> <span class='ocrx_word' id='word_1_158' title='bbox 802 1866 1053 1928; x_wconf 92' lang='lat' dir='ltr'>quoque</span> <span class='ocrx_word' id='word_1_159' title='bbox 1110 1866 1484 1929; x_wconf 87' lang='lat' dir='ltr'>oppugnare</span> <span class='ocrx_word' id='word_1_160' title='bbox 1544 1846 1775 1926; x_wconf 88' lang='lat' dir='ltr'>adorti,</span> <span class='ocrx_word' id='word_1_161' title='bbox 1833 1845 1947 1908; x_wconf 93' lang='lat' dir='ltr'>ubi</span> <span class='ocrx_word' id='word_1_162' title='bbox 2003 1844 2227 1908; x_wconf 87' lang='lat' dir='ltr'>valida</span> <span class='ocrx_word' id='word_1_163' title='bbox 2283 1843 2540 1908; x_wconf 86' lang='lat' dir='ltr'>defendi</span> <span class='ocrx_word' id='word_1_164' title='bbox 2601 1863 2793 1907; x_wconf 91' lang='lat' dir='ltr'>manu</span> 
     </span>
     <span class='ocr_line' id='line_1_19' title="bbox 385 1933 2791 2018; baseline -0.003 -18"><span class='ocrx_word' id='word_1_165' title='bbox 385 1936 1001 2014; x_wconf 89' lang='lat' dir='ltr'>animadverterunt,</span> <span class='ocrx_word' id='word_1_166' title='bbox 1066 1935 1255 1999; x_wconf 91' lang='lat' dir='ltr'>inrito</span> <span class='ocrx_word' id='word_1_167' title='bbox 1321 1935 1575 2018; x_wconf 89' lang='lat' dir='ltr'>incepto</span> <span class='ocrx_word' id='word_1_168' title='bbox 1635 1934 2121 1999; x_wconf 88' lang='lat' dir='ltr'>Demetriadem</span> <span class='ocrx_word' id='word_1_169' title='bbox 2188 1941 2431 2015; x_wconf 90' lang='lat' dir='ltr'>petunt.</span> <span class='ocrx_word' id='word_1_170' title='bbox 2497 1933 2591 1996; x_wconf 93' lang='lat' dir='ltr'>ibi</span> <span class='ocrx_word' id='word_1_171' title='bbox 2649 1952 2791 1995; x_wconf 87' lang='lat' dir='ltr'>cum</span> 
     </span>
     <span class='ocr_line' id='line_1_20' title="bbox 385 2022 2790 2110; baseline -0.002 -21"><span class='ocrx_word' id='word_1_172' title='bbox 385 2025 982 2110; x_wconf 87' lang='lat' dir='ltr'>adpropinquantes</span> <span class='ocrx_word' id='word_1_173' title='bbox 1030 2027 1276 2108; x_wconf 87' lang='lat' dir='ltr'>repleta</span> <span class='ocrx_word' id='word_1_174' title='bbox 1334 2025 1588 2089; x_wconf 90' lang='lat' dir='ltr'>moenia</span> <span class='ocrx_word' id='word_1_175' title='bbox 1648 2025 1913 2089; x_wconf 89' lang='lat' dir='ltr'>armatis</span> <span class='ocrx_word' id='word_1_176' title='bbox 1971 2023 2306 2099; x_wconf 89' lang='lat' dir='ltr'>vidissent,</span> <span class='ocrx_word' id='word_1_177' title='bbox 2363 2022 2790 2104; x_wconf 88' lang='lat' dir='ltr'>praetervecti</span> 
     </span>
    </p>
   </div>
   <div class='ocr_carea' id='block_1_5' title="bbox 384 2111 2994 2214">
    <p class='ocr_par' dir='ltr' id='par_1_5' title="bbox 384 2111 2994 2214">
     <span class='ocr_line' id='line_1_21' title="bbox 384 2111 2994 2214; baseline -0.004 -34"><span class='ocrx_word' id='word_1_178' title='bbox 384 2115 469 2180; x_wconf 89' lang='lat' dir='ltr'>ad</span> <span class='ocrx_word' id='word_1_179' title='bbox 516 2115 739 2180; x_wconf 91' lang='lat' dir='ltr'>Iolcon</span> <span class='ocrx_word' id='word_1_180' title='bbox 796 2115 1071 2179; x_wconf 89' lang='lat' dir='ltr'>classem</span> <span class='ocrx_word' id='word_1_181' title='bbox 1121 2115 1525 2198; x_wconf 88' lang='lat' dir='ltr'>appulerunt,</span> <span class='ocrx_word' id='word_1_182' title='bbox 1587 2114 1738 2179; x_wconf 92' lang='lat' dir='ltr'>inde</span> <span class='ocrx_word' id='word_1_183' title='bbox 1786 2135 1943 2195; x_wconf 87' lang='lat' dir='ltr'>agro</span> <span class='ocrx_word' id='word_1_184' title='bbox 2002 2120 2259 2177; x_wconf 87' lang='lat' dir='ltr'>vastato</span> <span class='ocrx_word' id='word_1_185' title='bbox 2310 2111 2789 2177; x_wconf 90' lang='lat' dir='ltr'>Demetriadem</span> <span class='ocrx_word' id='word_1_186' title='bbox 2824 2127 2885 2182; x_wconf 78' lang='lat'>20</span> <span class='ocrx_word' id='word_1_187' title='bbox 2993 2205 2994 2214; x_wconf 8' lang='grc' dir='ltr'>ἵ</span> 
     </span>
    </p>
   </div>
   <div class='ocr_carea' id='block_1_6' title="bbox 384 2204 2885 2822">
    <p class='ocr_par' dir='ltr' id='par_1_6' title="bbox 384 2204 1071 2287">
     <span class='ocr_line' id='line_1_22' title="bbox 384 2204 1071 2287; baseline -0.001 -18"><span class='ocrx_word' id='word_1_188' title='bbox 384 2226 636 2287; x_wconf 91' lang='lat' dir='ltr'>quoque</span> <span class='ocrx_word' id='word_1_189' title='bbox 684 2204 1071 2287; x_wconf 89' lang='lat' dir='ltr'>adgressuri.</span> 
     </span>
    </p>

    <p class='ocr_par' dir='ltr' id='par_1_7' title="bbox 386 2290 2885 2822">
     <span class='ocr_line' id='line_1_23' title="bbox 601 2290 2790 2372; baseline -0.003 -13"><span class='ocrx_word' id='word_1_190' title='bbox 601 2294 779 2359; x_wconf 87' lang='lat' dir='ltr'>XIII.</span> <span class='ocrx_word' id='word_1_191' title='bbox 839 2295 1011 2358; x_wconf 91' lang='lat' dir='ltr'>Inter</span> <span class='ocrx_word' id='word_1_192' title='bbox 1071 2294 1233 2356; x_wconf 92' lang='lat' dir='ltr'>haec</span> <span class='ocrx_word' id='word_1_193' title='bbox 1291 2301 1354 2356; x_wconf 92' lang='lat' dir='ltr'>et</span> <span class='ocrx_word' id='word_1_194' title='bbox 1400 2293 1640 2371; x_wconf 92' lang='lat' dir='ltr'>consul,</span> <span class='ocrx_word' id='word_1_195' title='bbox 1696 2311 1776 2355; x_wconf 91' lang='lat' dir='ltr'>ne</span> <span class='ocrx_word' id='word_1_196' title='bbox 1834 2291 2052 2372; x_wconf 90' lang='lat' dir='ltr'>segnis</span> <span class='ocrx_word' id='word_1_197' title='bbox 2111 2291 2364 2355; x_wconf 89' lang='lat' dir='ltr'>sederet</span> <span class='ocrx_word' id='word_1_198' title='bbox 2421 2299 2668 2354; x_wconf 88' lang='lat' dir='ltr'>tantum</span> <span class='ocrx_word' id='word_1_199' title='bbox 2723 2290 2790 2353; x_wconf 92' lang='lat' dir='ltr'>in</span> 
     </span>
     <span class='ocr_line' id='line_1_24' title="bbox 387 2379 2788 2466; baseline -0.002 -20"><span class='ocrx_word' id='word_1_200' title='bbox 387 2404 543 2466; x_wconf 89' lang='lat' dir='ltr'>agro</span> <span class='ocrx_word' id='word_1_201' title='bbox 608 2383 907 2462; x_wconf 89' lang='lat' dir='ltr'>hostium,</span> <span class='ocrx_word' id='word_1_202' title='bbox 962 2383 1043 2445; x_wconf 89' lang='grc' dir='ltr'>Μ.</span> <span class='ocrx_word' id='word_1_203' title='bbox 1102 2382 1420 2464; x_wconf 92' lang='lat' dir='ltr'>Popilium</span> <span class='ocrx_word' id='word_1_204' title='bbox 1490 2403 1636 2446; x_wconf 90' lang='lat' dir='ltr'>cum</span> <span class='ocrx_word' id='word_1_205' title='bbox 1705 2380 1985 2462; x_wconf 85' lang='lat' dir='ltr'>quinque</span> <span class='ocrx_word' id='word_1_206' title='bbox 2054 2380 2313 2443; x_wconf 91' lang='lat' dir='ltr'>milibus</span> <span class='ocrx_word' id='word_1_207' title='bbox 2371 2380 2648 2444; x_wconf 88' lang='lat' dir='ltr'>militum</span> <span class='ocrx_word' id='word_1_208' title='bbox 2704 2379 2788 2441; x_wconf 91' lang='lat' dir='ltr'>ad</span> 
     </span>
     <span class='ocr_line' id='line_1_25' title="bbox 389 2468 2789 2554; baseline -0.002 -18"><span class='ocrx_word' id='word_1_209' title='bbox 389 2473 774 2536; x_wconf 88' lang='lat' dir='ltr'>Meliboeam</span> <span class='ocrx_word' id='word_1_210' title='bbox 839 2473 1058 2535; x_wconf 91' lang='lat' dir='ltr'>urbem</span> <span class='ocrx_word' id='word_1_211' title='bbox 1127 2472 1626 2554; x_wconf 87' lang='lat' dir='ltr'>oppugnandam</span> <span class='ocrx_word' id='word_1_212' title='bbox 1696 2470 1901 2533; x_wconf 88' lang='lat' dir='ltr'>mittit.</span> <span class='ocrx_word' id='word_1_213' title='bbox 1980 2469 2103 2533; x_wconf 88' lang='lat' dir='ltr'>sita</span> <span class='ocrx_word' id='word_1_214' title='bbox 2170 2477 2268 2532; x_wconf 89' lang='lat' dir='ltr'>est</span> <span class='ocrx_word' id='word_1_215' title='bbox 2331 2468 2398 2531; x_wconf 91' lang='lat' dir='ltr'>in</span> <span class='ocrx_word' id='word_1_216' title='bbox 2463 2468 2789 2533; x_wconf 87' lang='lat' dir='ltr'>radicibus</span> 
     </span>
     <span class='ocr_line' id='line_1_26' title="bbox 386 2558 2885 2643; baseline -0.004 -17"><span class='ocrx_word' id='word_1_217' title='bbox 386 2563 590 2626; x_wconf 88' lang='lat' dir='ltr'>Ossae</span> <span class='ocrx_word' id='word_1_218' title='bbox 628 2562 875 2641; x_wconf 87' lang='lat' dir='ltr'>montis,</span> <span class='ocrx_word' id='word_1_219' title='bbox 915 2581 1041 2641; x_wconf 93' lang='lat' dir='ltr'>qua</span> <span class='ocrx_word' id='word_1_220' title='bbox 1070 2570 1252 2643; x_wconf 86' lang='lat' dir='ltr'>parte</span> <span class='ocrx_word' id='word_1_221' title='bbox 1280 2561 1344 2623; x_wconf 88' lang='lat' dir='ltr'>in</span> <span class='ocrx_word' id='word_1_222' title='bbox 1374 2559 1779 2625; x_wconf 84' lang='lat' dir='ltr'>Thessaliam</span> <span class='ocrx_word' id='word_1_223' title='bbox 1820 2558 2044 2640; x_wconf 89' lang='lat' dir='ltr'>vergit,</span> <span class='ocrx_word' id='word_1_224' title='bbox 2084 2567 2436 2640; x_wconf 88' lang='lat' dir='ltr'>opportune</span> <span class='ocrx_word' id='word_1_225' title='bbox 2467 2558 2788 2621; x_wconf 89' lang='lat' dir='ltr'>inminens</span> <span class='ocrx_word' id='word_1_226' title='bbox 2828 2572 2885 2616; x_wconf 83' lang='lat'>25</span> 
     </span>
     <span class='ocr_line' id='line_1_27' title="bbox 387 2647 2791 2733; baseline -0.001 -19"><span class='ocrx_word' id='word_1_227' title='bbox 387 2670 576 2733; x_wconf 90' lang='lat' dir='ltr'>super</span> <span class='ocrx_word' id='word_1_228' title='bbox 635 2650 1136 2714; x_wconf 87' lang='lat' dir='ltr'>Demetriadem.</span> <span class='ocrx_word' id='word_1_229' title='bbox 1196 2651 1439 2732; x_wconf 91' lang='lat' dir='ltr'>primus</span> <span class='ocrx_word' id='word_1_230' title='bbox 1497 2649 1817 2712; x_wconf 89' lang='lat' dir='ltr'>adventus</span> <span class='ocrx_word' id='word_1_231' title='bbox 1873 2647 2151 2711; x_wconf 87' lang='lat' dir='ltr'>hostium</span> <span class='ocrx_word' id='word_1_232' title='bbox 2208 2647 2480 2730; x_wconf 90' lang='lat' dir='ltr'>perculit</span> <span class='ocrx_word' id='word_1_233' title='bbox 2546 2649 2791 2711; x_wconf 90' lang='lat' dir='ltr'>incolas</span> 
     </span>
     <span class='ocr_line' id='line_1_28' title="bbox 386 2738 2794 2822; baseline -0.001 -20"><span class='ocrx_word' id='word_1_234' title='bbox 386 2740 540 2822; x_wconf 84' lang='lat' dir='ltr'>loci3</span> <span class='ocrx_word' id='word_1_235' title='bbox 609 2740 896 2803; x_wconf 81' lang='lat' dir='ltr'>collectis</span> <span class='ocrx_word' id='word_1_236' title='bbox 954 2739 1188 2803; x_wconf 88' lang='lat' dir='ltr'>deinde</span> <span class='ocrx_word' id='word_1_237' title='bbox 1245 2740 1322 2802; x_wconf 81' lang='lat' dir='ltr'>ab</span> <span class='ocrx_word' id='word_1_238' title='bbox 1381 2738 1764 2820; x_wconf 88' lang='lat' dir='ltr'>necopinato</span> <span class='ocrx_word' id='word_1_239' title='bbox 1828 2757 2072 2819; x_wconf 82' lang='lat' dir='ltr'>pavore</span> <span class='ocrx_word' id='word_1_240' title='bbox 2139 2738 2372 2801; x_wconf 89' lang='lat' dir='ltr'>animis</span> <span class='ocrx_word' id='word_1_241' title='bbox 2432 2738 2794 2801; x_wconf 90' lang='lat' dir='ltr'>discurrunt</span> 
     </span>
    </p>
   </div>
   <div class='ocr_carea' id='block_1_7' title="bbox 385 2939 812 2946">
    <p class='ocr_par' dir='ltr' id='par_1_8' title="bbox 385 2939 812 2946">
     <span class='ocr_line' id='line_1_29' title="bbox 385 2939 812 2946; baseline 0 0"><span class='ocrx_word' id='word_1_242' title='bbox 385 2939 812 2946; x_wconf 95' lang='lat' dir='ltr'> </span> 
     </span>
    </p>
   </div>
   <div class='ocr_carea' id='block_1_8' title="bbox 605 3038 2789 3110">
    <p class='ocr_par' dir='ltr' id='par_1_9' title="bbox 605 3038 2789 3110">
     <span class='ocr_line' id='line_1_30' title="bbox 605 3038 2789 3110; baseline -0.002 -17"><span class='ocrx_word' id='word_1_243' title='bbox 605 3043 650 3094; x_wconf 91' lang='lat'>1.</span> <span class='ocrx_word' id='word_1_244' title='bbox 689 3047 1026 3108; x_wconf 88' lang='lat' dir='ltr'>etrumpunt.</span> <span class='ocrx_word' id='word_1_245' title='bbox 1061 3041 1068 3108; x_wconf 91' lang='grc' dir='ltr'>Ι</span> <span class='ocrx_word' id='word_1_246' title='bbox 1104 3038 1423 3093; x_wconf 84' lang='lat' dir='ltr'>alialiunde.</span> <span class='ocrx_word' id='word_1_247' title='bbox 1458 3040 1465 3107; x_wconf 91' lang='grc' dir='ltr'>Ι</span> <span class='ocrx_word' id='word_1_248' title='bbox 1499 3040 1549 3091; x_wconf 83' lang='grc'><strong>2.</strong></span> <span class='ocrx_word' id='word_1_249' title='bbox 1586 3038 2106 3110; x_wconf 74' lang='lat' dir='ltr'>inurbessadferrent‚</span> <span class='ocrx_word' id='word_1_250' title='bbox 2146 3055 2282 3092; x_wconf 86' lang='lat' dir='ltr'>corr.</span> <span class='ocrx_word' id='word_1_251' title='bbox 2313 3040 2393 3092; x_wconf 84' lang='lat' dir='ltr'>ed.</span> <span class='ocrx_word' id='word_1_252' title='bbox 2425 3039 2559 3092; x_wconf 77' lang='lat' dir='ltr'>Bas,</span> <span class='ocrx_word' id='word_1_253' title='bbox 2585 3039 2754 3089; x_wconf 84' lang='lat'>1535.</span> <span class='ocrx_word' id='word_1_254' title='bbox 2775 3041 2789 3106; x_wconf 77' lang='grc' dir='ltr'>Ἰ</span> 
     </span>
    </p>
   </div>
   <div class='ocr_carea' id='block_1_9' title="bbox 387 3130 2794 3488">
    <p class='ocr_par' dir='ltr' id='par_1_10' title="bbox 387 3130 2794 3488">
     <span class='ocr_line' id='line_1_31' title="bbox 388 3130 2789 3217; baseline -0.003 -15"><span class='ocrx_word' id='word_1_255' title='bbox 388 3151 588 3217; x_wconf 88' lang='lat' dir='ltr'>adque.</span> <span class='ocrx_word' id='word_1_256' title='bbox 632 3152 639 3215; x_wconf 92' lang='grc' dir='ltr'>Ι</span> <span class='ocrx_word' id='word_1_257' title='bbox 681 3150 729 3201; x_wconf 88' lang='grc'><strong>3.</strong></span> <span class='ocrx_word' id='word_1_258' title='bbox 769 3144 1774 3217; x_wconf 78' lang='lat' dir='ltr'>fugampersecunturadllquefossam.</span> <span class='ocrx_word' id='word_1_259' title='bbox 1810 3147 1816 3212; x_wconf 89' lang='grc' dir='ltr'>Ι</span> <span class='ocrx_word' id='word_1_260' title='bbox 1851 3147 2038 3214; x_wconf 88' lang='lat' dir='ltr'>inqua.</span> <span class='ocrx_word' id='word_1_261' title='bbox 2074 3148 2080 3213; x_wconf 91' lang='grc' dir='ltr'>Ι</span> <span class='ocrx_word' id='word_1_262' title='bbox 2114 3148 2165 3200; x_wconf 90' lang='grc'>4.</span> <span class='ocrx_word' id='word_1_263' title='bbox 2205 3134 2288 3199; x_wconf 51' lang='grc' dir='ltr'><strong>ᾖ.</strong></span> <span class='ocrx_word' id='word_1_264' title='bbox 2326 3145 2511 3199; x_wconf 85' lang='lat' dir='ltr'>ferme.</span> <span class='ocrx_word' id='word_1_265' title='bbox 2545 3145 2553 3211; x_wconf 83' lang='grc' dir='ltr'>Ι</span> <span class='ocrx_word' id='word_1_266' title='bbox 2588 3145 2636 3196; x_wconf 90' lang='grc'>6.</span> <span class='ocrx_word' id='word_1_267' title='bbox 2674 3130 2789 3210; x_wconf 61' lang='lat' dir='ltr'>pin}</span> 
     </span>
     <span class='ocr_line' id='line_1_32' title="bbox 389 3232 2794 3310; baseline -0.002 -19"><span class='ocrx_word' id='word_1_268' title='bbox 389 3241 436 3291; x_wconf 89' lang='lat'>7.</span> <span class='ocrx_word' id='word_1_269' title='bbox 475 3237 959 3310; x_wconf 73' lang='lat' dir='ltr'>teri-aingredieflti,</span> <span class='ocrx_word' id='word_1_270' title='bbox 998 3254 1134 3290; x_wconf 80' lang='lat' dir='ltr'>corr.</span> <span class='ocrx_word' id='word_1_271' title='bbox 1175 3238 1254 3288; x_wconf 80' lang='lat' dir='ltr'>ed.</span> <span class='ocrx_word' id='word_1_272' title='bbox 1294 3237 1429 3288; x_wconf 59' lang='lat' dir='ltr'>Basa</span> <span class='ocrx_word' id='word_1_273' title='bbox 1467 3239 1625 3288; x_wconf 87' lang='lat'>1531.</span> <span class='ocrx_word' id='word_1_274' title='bbox 1663 3238 1669 3303; x_wconf 83' lang='grc' dir='ltr'>Ι</span> <span class='ocrx_word' id='word_1_275' title='bbox 1703 3237 1752 3287; x_wconf 86' lang='grc'><strong>9.</strong></span> <span class='ocrx_word' id='word_1_276' title='bbox 1791 3237 2051 3289; x_wconf 88' lang='lat' dir='ltr'>firmauit.</span> <span class='ocrx_word' id='word_1_277' title='bbox 2087 3237 2093 3303; x_wconf 89' lang='grc'><strong>1</strong></span> <span class='ocrx_word' id='word_1_278' title='bbox 2127 3233 2441 3288; x_wconf 84' lang='lat' dir='ltr'>intromisti.</span> <span class='ocrx_word' id='word_1_279' title='bbox 2477 3233 2483 3298; x_wconf 90' lang='grc' dir='ltr'>Ι</span> <span class='ocrx_word' id='word_1_280' title='bbox 2520 3232 2602 3286; x_wconf 90' lang='grc'>10.</span> <span class='ocrx_word' id='word_1_281' title='bbox 2641 3232 2794 3286; x_wconf 70' lang='lat' dir='ltr'>mao-</span> 
     </span>
     <span class='ocr_line' id='line_1_33' title="bbox 387 3321 2792 3398; baseline -0.003 -17"><span class='ocrx_word' id='word_1_282' title='bbox 387 3326 548 3398; x_wconf 65' lang='lat' dir='ltr'>essnia.</span> <span class='ocrx_word' id='word_1_283' title='bbox 583 3329 590 3395; x_wconf 82' lang='grc' dir='ltr'>Ι</span> <span class='ocrx_word' id='word_1_284' title='bbox 628 3328 710 3380; x_wconf 88' lang='grc'>11.</span> <span class='ocrx_word' id='word_1_285' title='bbox 739 3324 1268 3398; x_wconf 66' lang='lat' dir='ltr'>parantibushisflX„</span> <span class='ocrx_word' id='word_1_286' title='bbox 1301 3341 1436 3378; x_wconf 82' lang='lat' dir='ltr'>corr.</span> <span class='ocrx_word' id='word_1_287' title='bbox 1466 3325 1798 3393; x_wconf 73' lang='lat' dir='ltr'>Wesenbery.</span> <span class='ocrx_word' id='word_1_288' title='bbox 1836 3326 1842 3392; x_wconf 90' lang='grc'><strong>1</strong></span> <span class='ocrx_word' id='word_1_289' title='bbox 1875 3325 2228 3378; x_wconf 87' lang='lat' dir='ltr'>tessalonica.</span> <span class='ocrx_word' id='word_1_290' title='bbox 2264 3326 2271 3389; x_wconf 87' lang='grc' dir='ltr'>Ι</span> <span class='ocrx_word' id='word_1_291' title='bbox 2308 3322 2388 3374; x_wconf 90' lang='grc'><strong>14.</strong></span> <span class='ocrx_word' id='word_1_292' title='bbox 2415 3321 2792 3386; x_wconf 80' lang='lat' dir='ltr'>intrarumnt.l</span> 
     </span>
     <span class='ocr_line' id='line_1_34' title="bbox 393 3412 2793 3488; baseline -0.002 -20"><span class='ocrx_word' id='word_1_293' title='bbox 393 3419 472 3469; x_wconf 90' lang='grc'><strong>16.</strong></span> <span class='ocrx_word' id='word_1_294' title='bbox 514 3417 892 3470; x_wconf 87' lang='lat' dir='ltr'>circumuenti.</span> <span class='ocrx_word' id='word_1_295' title='bbox 952 3419 960 3485; x_wconf 81' lang='grc' dir='ltr'>Ι</span> <span class='ocrx_word' id='word_1_296' title='bbox 1019 3414 1498 3488; x_wconf 49' lang='lat' dir='ltr'>promunturium,</span> <span class='ocrx_word' id='word_1_297' title='bbox 1539 3415 1925 3481; x_wconf 88' lang='lat' dir='ltr'>promunturia</span> <span class='ocrx_word' id='word_1_298' title='bbox 1971 3413 2301 3479; x_wconf 66' lang='lat' dir='ltr'>Wesenberg).</span> <span class='ocrx_word' id='word_1_299' title='bbox 2354 3412 2360 3475; x_wconf 95' lang='grc' dir='ltr'>Ι</span> <span class='ocrx_word' id='word_1_300' title='bbox 2420 3415 2793 3482; x_wconf 71' lang='lat' dir='ltr'>actoronem.}</span> 
     </span>
    </p>
   </div>
   <div class='ocr_carea' id='block_1_10' title="bbox 386 3509 2801 3948">
    <p class='ocr_par' dir='ltr' id='par_1_11' title="bbox 386 3509 2801 3948">
     <span class='ocr_line' id='line_1_35' title="bbox 392 3509 2801 3593; baseline -0.002 -17"><span class='ocrx_word' id='word_1_301' title='bbox 392 3525 473 3576; x_wconf 90' lang='lat'>17.</span> <span class='ocrx_word' id='word_1_302' title='bbox 513 3521 1068 3593; x_wconf 72' lang='lat' dir='ltr'>adpugnaressadorti.</span> <span class='ocrx_word' id='word_1_303' title='bbox 1121 3524 1127 3589; x_wconf 89' lang='grc' dir='ltr'>Ι</span> <span class='ocrx_word' id='word_1_304' title='bbox 1179 3522 1264 3574; x_wconf 81' lang='grc'><strong>22.</strong></span> <span class='ocrx_word' id='word_1_305' title='bbox 1301 3509 1567 3574; x_wconf 67' lang='lat' dir='ltr'>fferhaec.</span> <span class='ocrx_word' id='word_1_306' title='bbox 1613 3523 1619 3584; x_wconf 93' lang='grc' dir='ltr'>Ι</span> <span class='ocrx_word' id='word_1_307' title='bbox 1672 3522 1757 3573; x_wconf 82' lang='lat'>23.</span> <span class='ocrx_word' id='word_1_308' title='bbox 1798 3520 2076 3589; x_wconf 86' lang='lat' dir='ltr'>agrohos.‚</span> <span class='ocrx_word' id='word_1_309' title='bbox 2116 3533 2251 3586; x_wconf 87' lang='lat' dir='ltr'>agro</span> <span class='ocrx_word' id='word_1_310' title='bbox 2287 3517 2534 3570; x_wconf 89' lang='lat' dir='ltr'>hostium</span> <span class='ocrx_word' id='word_1_311' title='bbox 2572 3518 2801 3586; x_wconf 65' lang='lat' dir='ltr'>Filyner</span> 
     </span>
     <span class='ocr_line' id='line_1_36' title="bbox 386 3608 2799 3681; baseline -0.002 -14"><span class='ocrx_word' id='word_1_312' title='bbox 386 3615 480 3681; x_wconf 84' lang='lat' dir='ltr'>(cf.</span> <span class='ocrx_word' id='word_1_313' title='bbox 519 3614 597 3667; x_wconf 88' lang='lat' dir='ltr'>H.</span> <span class='ocrx_word' id='word_1_314' title='bbox 635 3615 686 3667; x_wconf 93' lang='lat' dir='ltr'>I.</span> <span class='ocrx_word' id='word_1_315' title='bbox 726 3614 937 3666; x_wconf 67' lang='lat' dir='ltr'>Milller</span> <span class='ocrx_word' id='word_1_316' title='bbox 984 3630 1116 3665; x_wconf 72' lang='lat' dir='ltr'>ann.</span> <span class='ocrx_word' id='word_1_317' title='bbox 1154 3613 1340 3665; x_wconf 82' lang='lat' dir='ltr'>Berol.</span> <span class='ocrx_word' id='word_1_318' title='bbox 1386 3615 1543 3665; x_wconf 78' lang='grc'><strong>1892</strong></span> <span class='ocrx_word' id='word_1_319' title='bbox 1579 3629 1639 3678; x_wconf 75' lang='lat' dir='ltr'>p.</span> <span class='ocrx_word' id='word_1_320' title='bbox 1677 3614 1784 3678; x_wconf 77' lang='lat'>14),</span> <span class='ocrx_word' id='word_1_321' title='bbox 1825 3611 2096 3673; x_wconf 55' lang='lat' dir='ltr'>Heraeum,</span> <span class='ocrx_word' id='word_1_322' title='bbox 2132 3608 2333 3661; x_wconf 76' lang='lat' dir='ltr'>Novdk</span> <span class='ocrx_word' id='word_1_323' title='bbox 2369 3625 2430 3675; x_wconf 74' lang='lat' dir='ltr'>p.</span> <span class='ocrx_word' id='word_1_324' title='bbox 2473 3611 2610 3675; x_wconf 70' lang='lat'>220,</span> <span class='ocrx_word' id='word_1_325' title='bbox 2659 3624 2799 3676; x_wconf 86' lang='lat' dir='ltr'>agro</span> 
     </span>
     <span class='ocr_line' id='line_1_37' title="bbox 386 3697 2800 3770; baseline -0.003 -13"><span class='ocrx_word' id='word_1_326' title='bbox 386 3705 603 3759; x_wconf 89' lang='lat' dir='ltr'>hostico</span> <span class='ocrx_word' id='word_1_327' title='bbox 642 3704 724 3758; x_wconf 81' lang='lat' dir='ltr'>ed.</span> <span class='ocrx_word' id='word_1_328' title='bbox 760 3705 897 3757; x_wconf 77' lang='lat' dir='ltr'>Bas,</span> <span class='ocrx_word' id='word_1_329' title='bbox 935 3707 1093 3769; x_wconf 86' lang='lat'>1531,</span> <span class='ocrx_word' id='word_1_330' title='bbox 1133 3718 1270 3770; x_wconf 88' lang='lat' dir='ltr'>agro</span> <span class='ocrx_word' id='word_1_331' title='bbox 1308 3702 1501 3754; x_wconf 87' lang='lat' dir='ltr'>hostili</span> <span class='ocrx_word' id='word_1_332' title='bbox 1539 3701 1726 3753; x_wconf 64' lang='lat' dir='ltr'>Hertz.</span> <span class='ocrx_word' id='word_1_333' title='bbox 1786 3703 1793 3767; x_wconf 82' lang='grc' dir='ltr'>Ι</span> <span class='ocrx_word' id='word_1_334' title='bbox 1844 3716 1985 3752; x_wconf 90' lang='lat' dir='ltr'>cum.</span> <span class='ocrx_word' id='word_1_335' title='bbox 2025 3715 2078 3751; x_wconf 90' lang='lat' dir='ltr'>u.</span> <span class='ocrx_word' id='word_1_336' title='bbox 2120 3697 2361 3751; x_wconf 82' lang='lat' dir='ltr'>milibus,</span> <span class='ocrx_word' id='word_1_337' title='bbox 2423 3700 2430 3766; x_wconf 77' lang='grc' dir='ltr'>Ι</span> <span class='ocrx_word' id='word_1_338' title='bbox 2482 3699 2567 3751; x_wconf 87' lang='grc'><strong>24.</strong></span> <span class='ocrx_word' id='word_1_339' title='bbox 2606 3697 2800 3751; x_wconf 90' lang='lat' dir='ltr'>moeli-</span> 
     </span>
     <span class='ocr_line' id='line_1_38' title="bbox 388 3788 2795 3862; baseline -0.003 -17"><span class='ocrx_word' id='word_1_340' title='bbox 388 3795 568 3847; x_wconf 88' lang='lat' dir='ltr'>beam.</span> <span class='ocrx_word' id='word_1_341' title='bbox 603 3795 610 3862; x_wconf 88' lang='grc' dir='ltr'>Ι</span> <span class='ocrx_word' id='word_1_342' title='bbox 645 3794 791 3847; x_wconf 87' lang='lat' dir='ltr'>siita.</span> <span class='ocrx_word' id='word_1_343' title='bbox 827 3794 832 3861; x_wconf 86' lang='grc' dir='ltr'>Ι</span> <span class='ocrx_word' id='word_1_344' title='bbox 867 3792 1280 3846; x_wconf 79' lang='lat' dir='ltr'>25.tessalia1n.</span> <span class='ocrx_word' id='word_1_345' title='bbox 1308 3792 1312 3860; x_wconf 90' lang='grc' dir='ltr'>Ι</span> <span class='ocrx_word' id='word_1_346' title='bbox 1339 3795 1706 3858; x_wconf 87' lang='lat' dir='ltr'>opportunae.</span> <span class='ocrx_word' id='word_1_347' title='bbox 1743 3791 1749 3857; x_wconf 89' lang='grc'><strong>1</strong></span> <span class='ocrx_word' id='word_1_348' title='bbox 1783 3789 2033 3843; x_wconf 91' lang='lat' dir='ltr'>eminens</span> <span class='ocrx_word' id='word_1_349' title='bbox 2055 3789 2193 3841; x_wconf 77' lang='lat' dir='ltr'>coni.</span> <span class='ocrx_word' id='word_1_350' title='bbox 2223 3788 2615 3856; x_wconf 72' lang='lat' dir='ltr'>Wesenberyp.</span> <span class='ocrx_word' id='word_1_351' title='bbox 2639 3788 2795 3852; x_wconf 52' lang='lat'>3214</span> 
     </span>
     <span class='ocr_line' id='line_1_39' title="bbox 388 3877 2190 3948; baseline -0.001 -15"><span class='ocrx_word' id='word_1_352' title='bbox 388 3884 472 3935; x_wconf 77' lang='lat'>27.</span> <span class='ocrx_word' id='word_1_353' title='bbox 511 3883 583 3936; x_wconf 87' lang='lat' dir='ltr'>ab</span> <span class='ocrx_word' id='word_1_354' title='bbox 625 3883 756 3936; x_wconf 84' lang='lat' dir='ltr'>add.</span> <span class='ocrx_word' id='word_1_355' title='bbox 796 3882 993 3935; x_wconf 74' lang='lat' dir='ltr'>Novcik</span> <span class='ocrx_word' id='word_1_356' title='bbox 1012 3899 1073 3948; x_wconf 76' lang='lat' dir='ltr'>p.</span> <span class='ocrx_word' id='word_1_357' title='bbox 1107 3882 1228 3933; x_wconf 70' lang='lat'>222</span> <span class='ocrx_word' id='word_1_358' title='bbox 1265 3897 1329 3933; x_wconf 63' lang='grc' dir='ltr'>επ</span> <span class='ocrx_word' id='word_1_359' title='bbox 1365 3897 1472 3933; x_wconf 75' lang='lat' dir='ltr'>usu</span> <span class='ocrx_word' id='word_1_360' title='bbox 1509 3879 1649 3946; x_wconf 66' lang='lat' dir='ltr'><em>Liv„</em></span> <span class='ocrx_word' id='word_1_361' title='bbox 1691 3895 1759 3932; x_wconf 86' lang='lat' dir='ltr'>ex</span> <span class='ocrx_word' id='word_1_362' title='bbox 1798 3878 1878 3931; x_wconf 83' lang='lat' dir='ltr'>ed.</span> <span class='ocrx_word' id='word_1_363' title='bbox 1927 3877 2148 3932; x_wconf 77' lang='lat' dir='ltr'>VascOS.</span> <span class='ocrx_word' id='word_1_364' title='bbox 2183 3880 2190 3946; x_wconf 90' lang='grc'><strong>1</strong></span> 
     </span>
    </p>
   </div>
  </div>
 </body>
</html>
