<?xml version="1.0" encoding="UTF-8"?>
<!DOCTYPE html PUBLIC "-//W3C//DTD XHTML 1.0 Transitional//EN"
    "http://www.w3.org/TR/xhtml1/DTD/xhtml1-transitional.dtd">
<html xmlns="http://www.w3.org/1999/xhtml" xml:lang="en" lang="en">
 <head>
  <title>
</title>
<meta http-equiv="Content-Type" content="text/html;charset=utf-8" />
  <meta name='ocr-system' content='tesseract 3.04.00' />
  <meta name='ocr-capabilities' content='ocr_page ocr_carea ocr_par ocr_line ocrx_word'/>
</head>
<body>
  <div class='ocr_page' id='page_1' title='image "./tliviaburbecond01zinggoog_0073.png"; bbox 0 0 3005 4257; ppageno 0'>
   <div class='ocr_carea' id='block_1_1' title="bbox 777 210 2646 280">
    <p class='ocr_par' dir='ltr' id='par_1_1' title="bbox 777 210 2646 280">
     <span class='ocr_line' id='line_1_1' title="bbox 777 210 2646 280; baseline 0.002 -13"><span class='ocrx_word' id='word_1_1' title='bbox 777 215 997 268; x_wconf 86' lang='lat' dir='ltr'>LIBER</span> <span class='ocrx_word' id='word_1_2' title='bbox 1032 215 1199 268; x_wconf 89' lang='lat' dir='ltr'><strong>XLII.</strong></span> <span class='ocrx_word' id='word_1_3' title='bbox 1240 216 1393 269; x_wconf 91' lang='lat' dir='ltr'>CAP.</span> <span class='ocrx_word' id='word_1_4' title='bbox 1430 217 1516 267; x_wconf 84' lang='lat'>44.</span> <span class='ocrx_word' id='word_1_5' title='bbox 1552 214 1638 268; x_wconf 87' lang='lat'>45.</span> <span class='ocrx_word' id='word_1_6' title='bbox 1682 211 1752 280; x_wconf 88' lang='lat' dir='ltr'>[a.</span> <span class='ocrx_word' id='word_1_7' title='bbox 1791 214 1855 269; x_wconf 91' lang='lat' dir='ltr'>U.</span> <span class='ocrx_word' id='word_1_8' title='bbox 1896 231 1941 266; x_wconf 88' lang='lat' dir='ltr'>c.</span> <span class='ocrx_word' id='word_1_9' title='bbox 1980 210 2106 279; x_wconf 86' lang='lat'>583]</span> <span class='ocrx_word' id='word_1_10' title='bbox 2560 216 2646 280; x_wconf 83' lang='lat'>55</span> 
     </span>
    </p>
   </div>
   <div class='ocr_carea' id='block_1_2' title="bbox 174 384 2703 1684">
    <p class='ocr_par' dir='ltr' id='par_1_2' title="bbox 174 384 2703 1684">
     <span class='ocr_line' id='line_1_2' title="bbox 246 384 2649 470; baseline 0.001 -20"><span class='ocrx_word' id='word_1_11' title='bbox 246 385 607 470; x_wconf 76' lang='lat' dir='ltr'>principum</span> <span class='ocrx_word' id='word_1_12' title='bbox 652 386 1016 451; x_wconf 80' lang='lat' dir='ltr'><strong>docentium</strong></span> <span class='ocrx_word' id='word_1_13' title='bbox 1062 385 1347 451; x_wconf 79' lang='lat' dir='ltr'>cladibus</span> <span class='ocrx_word' id='word_1_14' title='bbox 1395 385 1676 470; x_wconf 89' lang='lat' dir='ltr'>Philippi</span> <span class='ocrx_word' id='word_1_15' title='bbox 1707 384 2148 467; x_wconf 81' lang='lat' dir='ltr'>Antiochique,</span> <span class='ocrx_word' id='word_1_16' title='bbox 2198 393 2435 470; x_wconf 90' lang='lat' dir='ltr'>quanta</span> <span class='ocrx_word' id='word_1_17' title='bbox 2479 394 2649 453; x_wconf 86' lang='lat' dir='ltr'>esset</span> 
     </span>
     <span class='ocr_line' id='line_1_3' title="bbox 246 471 2650 557; baseline 0.001 -20"><span class='ocrx_word' id='word_1_18' title='bbox 246 473 345 537; x_wconf 86' lang='lat' dir='ltr'>vis</span> <span class='ocrx_word' id='word_1_19' title='bbox 378 480 443 537; x_wconf 89' lang='lat' dir='ltr'>et</span> <span class='ocrx_word' id='word_1_20' title='bbox 488 472 740 538; x_wconf 86' lang='lat' dir='ltr'>fortuna</span> <span class='ocrx_word' id='word_1_21' title='bbox 770 473 1019 557; x_wconf 91' lang='lat' dir='ltr'>imperii</span> <span class='ocrx_word' id='word_1_22' title='bbox 1048 472 1335 553; x_wconf 88' lang='lat' dir='ltr'>Romani,</span> <span class='ocrx_word' id='word_1_23' title='bbox 1381 472 1553 537; x_wconf 88' lang='lat' dir='ltr'>victa</span> <span class='ocrx_word' id='word_1_24' title='bbox 1581 471 1839 536; x_wconf 92' lang='lat' dir='ltr'>tandem</span> <span class='ocrx_word' id='word_1_25' title='bbox 1870 472 2205 537; x_wconf 91' lang='lat' dir='ltr'>multitudo</span> <span class='ocrx_word' id='word_1_26' title='bbox 2238 481 2318 554; x_wconf 89' lang='lat' dir='ltr'>et,</span> <span class='ocrx_word' id='word_1_27' title='bbox 2376 481 2445 538; x_wconf 92' lang='lat' dir='ltr'>ut</span> <span class='ocrx_word' id='word_1_28' title='bbox 2474 475 2650 539; x_wconf 91' lang='lat' dir='ltr'>tolle-</span> 
     </span>
     <span class='ocr_line' id='line_1_4' title="bbox 246 558 2649 645; baseline 0.002 -23"><span class='ocrx_word' id='word_1_29' title='bbox 246 566 418 624; x_wconf 85' lang='lat' dir='ltr'>retur</span> <span class='ocrx_word' id='word_1_30' title='bbox 470 559 651 642; x_wconf 91' lang='lat' dir='ltr'>regia</span> <span class='ocrx_word' id='word_1_31' title='bbox 712 560 1000 640; x_wconf 64' lang='lat' dir='ltr'>societas»,</span> <span class='ocrx_word' id='word_1_32' title='bbox 1065 559 1363 641; x_wconf 89' lang='lat' dir='ltr'>decrevit,</span> <span class='ocrx_word' id='word_1_33' title='bbox 1426 565 1489 624; x_wconf 94' lang='lat' dir='ltr'>et</span> <span class='ocrx_word' id='word_1_34' title='bbox 1535 579 1663 640; x_wconf 91' lang='lat' dir='ltr'>eos,</span> <span class='ocrx_word' id='word_1_35' title='bbox 1738 558 1845 641; x_wconf 91' lang='lat' dir='ltr'>qui</span> <span class='ocrx_word' id='word_1_36' title='bbox 1890 566 2179 624; x_wconf 80' lang='lat' dir='ltr'>auctores</span> <span class='ocrx_word' id='word_1_37' title='bbox 2226 559 2649 645; x_wconf 81' lang='lat' dir='ltr'>paciscendae</span> 
     </span>
     <span class='ocr_line' id='line_1_5' title="bbox 196 644 2645 729; baseline 0.001 -19"><span class='ocrx_word' id='word_1_38' title='bbox 196 672 201 677; x_wconf 86' lang='lat'><strong>·</strong></span> <span class='ocrx_word' id='word_1_39' title='bbox 247 646 567 711; x_wconf 87' lang='lat' dir='ltr'>amicitiae</span> <span class='ocrx_word' id='word_1_40' title='bbox 634 646 899 728; x_wconf 89' lang='lat' dir='ltr'>fuerant,</span> <span class='ocrx_word' id='word_1_41' title='bbox 978 646 1061 711; x_wconf 89' lang='lat' dir='ltr'>ad</span> <span class='ocrx_word' id='word_1_42' title='bbox 1136 645 1656 711; x_wconf 89' lang='lat' dir='ltr'>satisfaciendum</span> <span class='ocrx_word' id='word_1_43' title='bbox 1721 646 1952 727; x_wconf 87' lang='lat' dir='ltr'>legatis</span> <span class='ocrx_word' id='word_1_44' title='bbox 2022 644 2392 712; x_wconf 85' lang='lat' dir='ltr'>Chalcidem</span> <span class='ocrx_word' id='word_1_45' title='bbox 2458 648 2645 729; x_wconf 88' lang='lat' dir='ltr'>misit,</span> 
     </span>
     <span class='ocr_line' id='line_1_6' title="bbox 197 731 2702 815; baseline 0.001 -18"><span class='ocrx_word' id='word_1_46' title='bbox 197 752 221 790; x_wconf 80' lang='lat'>5</span> <span class='ocrx_word' id='word_1_47' title='bbox 247 732 525 815; x_wconf 89' lang='lat' dir='ltr'>fideique</span> <span class='ocrx_word' id='word_1_48' title='bbox 555 731 913 815; x_wconf 90' lang='lat' dir='ltr'>legatorum</span> <span class='ocrx_word' id='word_1_49' title='bbox 944 732 1371 798; x_wconf 91' lang='lat' dir='ltr'>commendari</span> <span class='ocrx_word' id='word_1_50' title='bbox 1403 732 1724 798; x_wconf 83' lang='lat' dir='ltr'>civitatem</span> <span class='ocrx_word' id='word_1_51' title='bbox 1756 731 1957 797; x_wconf 91' lang='lat' dir='ltr'>iussit.</span> <span class='ocrx_word' id='word_1_52' title='bbox 1997 732 2339 798; x_wconf 87' lang='lat' dir='ltr'>Thebanos</span> <span class='ocrx_word' id='word_1_53' title='bbox 2372 734 2647 799; x_wconf 88' lang='lat' dir='ltr'>Marcius</span> <span class='ocrx_word' id='word_1_54' title='bbox 2675 749 2702 789; x_wconf 83' lang='lat'>⁵</span> 
     </span>
     <span class='ocr_line' id='line_1_7' title="bbox 249 818 2649 904; baseline 0.001 -20"><span class='ocrx_word' id='word_1_55' title='bbox 249 827 313 884; x_wconf 90' lang='lat' dir='ltr'>et</span> <span class='ocrx_word' id='word_1_56' title='bbox 358 819 595 884; x_wconf 91' lang='lat' dir='ltr'>Atilius</span> <span class='ocrx_word' id='word_1_57' title='bbox 644 820 794 884; x_wconf 91' lang='lat' dir='ltr'>laeti</span> <span class='ocrx_word' id='word_1_58' title='bbox 839 819 1172 884; x_wconf 91' lang='lat' dir='ltr'>audierunt</span> <span class='ocrx_word' id='word_1_59' title='bbox 1217 827 1634 902; x_wconf 86' lang='lat' dir='ltr'>auctoresque</span> <span class='ocrx_word' id='word_1_60' title='bbox 1681 818 1872 883; x_wconf 91' lang='lat' dir='ltr'>ethis</span> <span class='ocrx_word' id='word_1_61' title='bbox 1904 830 1962 883; x_wconf 84' lang='lat' dir='ltr'>et</span> <span class='ocrx_word' id='word_1_62' title='bbox 1992 820 2334 904; x_wconf 90' lang='lat' dir='ltr'>separatim</span> <span class='ocrx_word' id='word_1_63' title='bbox 2380 820 2649 904; x_wconf 90' lang='lat' dir='ltr'>singulis</span> 
     </span>
     <span class='ocr_line' id='line_1_8' title="bbox 247 905 2702 989; baseline 0.001 -18"><span class='ocrx_word' id='word_1_64' title='bbox 247 906 505 971; x_wconf 88' lang='lat' dir='ltr'>fuerunt</span> <span class='ocrx_word' id='word_1_65' title='bbox 536 906 620 970; x_wconf 95' lang='lat' dir='ltr'>ad</span> <span class='ocrx_word' id='word_1_66' title='bbox 650 906 1082 971; x_wconf 86' lang='lat' dir='ltr'>renovandam</span> <span class='ocrx_word' id='word_1_67' title='bbox 1127 906 1471 971; x_wconf 89' lang='lat' dir='ltr'>amicitiam</span> <span class='ocrx_word' id='word_1_68' title='bbox 1516 905 1804 970; x_wconf 83' lang='lat' dir='ltr'>mittendi</span> <span class='ocrx_word' id='word_1_69' title='bbox 1851 906 2116 970; x_wconf 87' lang='lat' dir='ltr'>Romam</span> <span class='ocrx_word' id='word_1_70' title='bbox 2161 907 2428 989; x_wconf 87' lang='lat' dir='ltr'>legatos.</span> <span class='ocrx_word' id='word_1_71' title='bbox 2501 915 2648 973; x_wconf 91' lang='lat' dir='ltr'>ante</span> <span class='ocrx_word' id='word_1_72' title='bbox 2677 925 2702 964; x_wconf 78' lang='lat'><strong>6</strong></span> 
     </span>
     <span class='ocr_line' id='line_1_9' title="bbox 248 992 2649 1075; baseline 0.001 -18"><span class='ocrx_word' id='word_1_73' title='bbox 248 992 463 1057; x_wconf 92' lang='lat' dir='ltr'>omnia</span> <span class='ocrx_word' id='word_1_74' title='bbox 488 993 707 1057; x_wconf 86' lang='lat' dir='ltr'>exules</span> <span class='ocrx_word' id='word_1_75' title='bbox 738 993 982 1057; x_wconf 87' lang='lat' dir='ltr'>restitui</span> <span class='ocrx_word' id='word_1_76' title='bbox 1027 993 1345 1058; x_wconf 89' lang='lat' dir='ltr'>iusserunt</span> <span class='ocrx_word' id='word_1_77' title='bbox 1375 999 1439 1057; x_wconf 93' lang='lat' dir='ltr'>et</span> <span class='ocrx_word' id='word_1_78' title='bbox 1469 999 1759 1057; x_wconf 89' lang='lat' dir='ltr'>auctores</span> <span class='ocrx_word' id='word_1_79' title='bbox 1790 993 2009 1075; x_wconf 85' lang='lat' dir='ltr'>regiae</span> <span class='ocrx_word' id='word_1_80' title='bbox 2042 993 2362 1058; x_wconf 87' lang='lat' dir='ltr'>societatis</span> <span class='ocrx_word' id='word_1_81' title='bbox 2394 992 2649 1059; x_wconf 91' lang='lat' dir='ltr'>decreto</span> 
     </span>
     <span class='ocr_line' id='line_1_10' title="bbox 250 1078 2647 1162; baseline 0 -18"><span class='ocrx_word' id='word_1_82' title='bbox 250 1099 365 1144; x_wconf 88' lang='lat' dir='ltr'>suo</span> <span class='ocrx_word' id='word_1_83' title='bbox 416 1078 811 1147; x_wconf 87' lang='lat' dir='ltr'>damnarunt.</span> <span class='ocrx_word' id='word_1_84' title='bbox 879 1080 987 1159; x_wconf 89' lang='lat' dir='ltr'>ita,</span> <span class='ocrx_word' id='word_1_85' title='bbox 1060 1079 1228 1162; x_wconf 92' lang='lat' dir='ltr'>quod</span> <span class='ocrx_word' id='word_1_86' title='bbox 1272 1099 1570 1143; x_wconf 87' lang='lat' dir='ltr'>maxume</span> <span class='ocrx_word' id='word_1_87' title='bbox 1616 1079 1931 1159; x_wconf 87' lang='lat' dir='ltr'>volebant,</span> <span class='ocrx_word' id='word_1_88' title='bbox 2010 1078 2297 1145; x_wconf 88' lang='lat' dir='ltr'>discusso</span> <span class='ocrx_word' id='word_1_89' title='bbox 2344 1079 2647 1146; x_wconf 90' lang='lat' dir='ltr'>Boeotico</span> 
     </span>
     <span class='ocr_line' id='line_1_11' title="bbox 175 1165 2649 1251; baseline 0.003 -27"><span class='ocrx_word' id='word_1_90' title='bbox 175 1187 222 1224; x_wconf 85' lang='grc' dir='ltr'>ιο</span> <span class='ocrx_word' id='word_1_91' title='bbox 250 1166 522 1232; x_wconf 88' lang='lat' dir='ltr'>concilio</span> <span class='ocrx_word' id='word_1_92' title='bbox 562 1167 635 1230; x_wconf 86' lang='lat' dir='ltr'>in</span> <span class='ocrx_word' id='word_1_93' title='bbox 678 1165 1187 1250; x_wconf 88' lang='lat' dir='ltr'>Peloponnesum</span> <span class='ocrx_word' id='word_1_94' title='bbox 1231 1166 1711 1251; x_wconf 89' lang='lat' dir='ltr'>proficiscuntur</span> <span class='ocrx_word' id='word_1_95' title='bbox 1756 1165 1888 1230; x_wconf 85' lang='lat' dir='ltr'>Ser.</span> <span class='ocrx_word' id='word_1_96' title='bbox 1939 1166 2231 1232; x_wconf 91' lang='lat' dir='ltr'>Cornelio</span> <span class='ocrx_word' id='word_1_97' title='bbox 2276 1165 2649 1232; x_wconf 83' lang='lat' dir='ltr'>Chalcidem</span> 
     </span>
     <span class='ocr_line' id='line_1_12' title="bbox 249 1252 2697 1337; baseline 0.001 -20"><span class='ocrx_word' id='word_1_98' title='bbox 249 1252 579 1318; x_wconf 81' lang='lat' dir='ltr'>accersitO.</span> <span class='ocrx_word' id='word_1_99' title='bbox 671 1252 865 1336; x_wconf 90' lang='lat' dir='ltr'>Argis</span> <span class='ocrx_word' id='word_1_100' title='bbox 926 1253 1280 1337; x_wconf 91' lang='lat' dir='ltr'>praebitum</span> <span class='ocrx_word' id='word_1_101' title='bbox 1326 1259 1423 1317; x_wconf 91' lang='lat' dir='ltr'>est</span> <span class='ocrx_word' id='word_1_102' title='bbox 1467 1253 1546 1317; x_wconf 90' lang='lat' dir='ltr'>iis</span> <span class='ocrx_word' id='word_1_103' title='bbox 1594 1252 1962 1335; x_wconf 89' lang='lat' dir='ltr'>concilium;</span> <span class='ocrx_word' id='word_1_104' title='bbox 2032 1252 2140 1316; x_wconf 91' lang='lat' dir='ltr'>ubi</span> <span class='ocrx_word' id='word_1_105' title='bbox 2185 1253 2343 1317; x_wconf 91' lang='lat' dir='ltr'>nihil</span> <span class='ocrx_word' id='word_1_106' title='bbox 2388 1254 2563 1318; x_wconf 91' lang='lat' dir='ltr'>aliud</span> <span class='ocrx_word' id='word_1_107' title='bbox 2608 1276 2649 1319; x_wconf 93' lang='lat' dir='ltr'>a</span> <span class='ocrx_word' id='word_1_108' title='bbox 2675 1270 2697 1309; x_wconf 79' lang='lat'>‘1</span> 
     </span>
     <span class='ocr_line' id='line_1_13' title="bbox 249 1339 2649 1424; baseline 0 -21"><span class='ocrx_word' id='word_1_109' title='bbox 249 1347 442 1422; x_wconf 90' lang='lat' dir='ltr'>gente</span> <span class='ocrx_word' id='word_1_110' title='bbox 488 1339 891 1404; x_wconf 86' lang='lat' dir='ltr'>Achaeorum</span> <span class='ocrx_word' id='word_1_111' title='bbox 957 1339 1290 1424; x_wconf 91' lang='lat' dir='ltr'>petierunt,</span> <span class='ocrx_word' id='word_1_112' title='bbox 1361 1360 1554 1423; x_wconf 88' lang='lat' dir='ltr'>quam</span> <span class='ocrx_word' id='word_1_113' title='bbox 1612 1348 1680 1402; x_wconf 91' lang='lat' dir='ltr'>ut</span> <span class='ocrx_word' id='word_1_114' title='bbox 1741 1340 1914 1404; x_wconf 92' lang='lat' dir='ltr'>mille</span> <span class='ocrx_word' id='word_1_115' title='bbox 1976 1339 2209 1405; x_wconf 89' lang='lat' dir='ltr'>milites</span> <span class='ocrx_word' id='word_1_116' title='bbox 2277 1340 2517 1405; x_wconf 84' lang='lat' dir='ltr'>darent.</span> <span class='ocrx_word' id='word_1_117' title='bbox 2580 1340 2649 1404; x_wconf 93' lang='lat' dir='ltr'>id</span> 
     </span>
     <span class='ocr_line' id='line_1_14' title="bbox 248 1424 2651 1509; baseline 0.001 -20"><span class='ocrx_word' id='word_1_118' title='bbox 248 1425 640 1509; x_wconf 88' lang='lat' dir='ltr'>praesidium</span> <span class='ocrx_word' id='word_1_119' title='bbox 684 1426 768 1491; x_wconf 89' lang='lat' dir='ltr'>ad</span> <span class='ocrx_word' id='word_1_120' title='bbox 813 1425 1184 1491; x_wconf 81' lang='lat' dir='ltr'>Chalcidem</span> <span class='ocrx_word' id='word_1_121' title='bbox 1249 1425 1569 1506; x_wconf 91' lang='lat' dir='ltr'>tuendam,</span> <span class='ocrx_word' id='word_1_122' title='bbox 1642 1424 1792 1489; x_wconf 91' lang='lat' dir='ltr'>dum</span> <span class='ocrx_word' id='word_1_123' title='bbox 1837 1426 2160 1491; x_wconf 91' lang='lat' dir='ltr'>Romanus</span> <span class='ocrx_word' id='word_1_124' title='bbox 2229 1428 2541 1493; x_wconf 85' lang='lat' dir='ltr'>exercitus</span> <span class='ocrx_word' id='word_1_125' title='bbox 2585 1427 2651 1491; x_wconf 92' lang='lat' dir='ltr'>in</span> 
     </span>
     <span class='ocr_line' id='line_1_15' title="bbox 250 1512 2703 1598; baseline 0 -21"><span class='ocrx_word' id='word_1_126' title='bbox 250 1512 586 1578; x_wconf 76' lang='lat' dir='ltr'>Graeciam</span> <span class='ocrx_word' id='word_1_127' title='bbox 654 1512 1038 1594; x_wconf 90' lang='lat' dir='ltr'>traiceretur,</span> <span class='ocrx_word' id='word_1_128' title='bbox 1108 1512 1369 1577; x_wconf 89' lang='lat' dir='ltr'>missum</span> <span class='ocrx_word' id='word_1_129' title='bbox 1437 1520 1553 1577; x_wconf 88' lang='lat' dir='ltr'>est.</span> <span class='ocrx_word' id='word_1_130' title='bbox 1623 1512 1897 1577; x_wconf 88' lang='lat' dir='ltr'>Marcius</span> <span class='ocrx_word' id='word_1_131' title='bbox 1945 1519 2008 1577; x_wconf 93' lang='lat' dir='ltr'>et</span> <span class='ocrx_word' id='word_1_132' title='bbox 2053 1513 2284 1578; x_wconf 91' lang='lat' dir='ltr'>Atilius</span> <span class='ocrx_word' id='word_1_133' title='bbox 2353 1514 2646 1598; x_wconf 76' lang='lat' dir='ltr'>peractiS,</span> <span class='ocrx_word' id='word_1_134' title='bbox 2678 1529 2703 1567; x_wconf 84' lang='lat'><strong>8</strong></span> 
     </span>
     <span class='ocr_line' id='line_1_16' title="bbox 174 1598 2651 1684; baseline 0.002 -26"><span class='ocrx_word' id='word_1_135' title='bbox 174 1622 223 1659; x_wconf 82' lang='lat'>15</span> <span class='ocrx_word' id='word_1_136' title='bbox 250 1620 417 1684; x_wconf 89' lang='lat' dir='ltr'>quae</span> <span class='ocrx_word' id='word_1_137' title='bbox 463 1598 718 1682; x_wconf 91' lang='lat' dir='ltr'>agenda</span> <span class='ocrx_word' id='word_1_138' title='bbox 747 1599 813 1663; x_wconf 91' lang='lat' dir='ltr'>in</span> <span class='ocrx_word' id='word_1_139' title='bbox 845 1599 1114 1665; x_wconf 82' lang='lat' dir='ltr'>Graecia</span> <span class='ocrx_word' id='word_1_140' title='bbox 1160 1606 1354 1679; x_wconf 89' lang='lat' dir='ltr'>erant,</span> <span class='ocrx_word' id='word_1_141' title='bbox 1404 1599 1715 1683; x_wconf 90' lang='lat' dir='ltr'>principio</span> <span class='ocrx_word' id='word_1_142' title='bbox 1762 1599 1988 1664; x_wconf 90' lang='lat' dir='ltr'>hiemis</span> <span class='ocrx_word' id='word_1_143' title='bbox 2019 1600 2286 1664; x_wconf 87' lang='lat' dir='ltr'>Romam</span> <span class='ocrx_word' id='word_1_144' title='bbox 2315 1600 2651 1665; x_wconf 86' lang='lat' dir='ltr'>redierunt.</span> 
     </span>
    </p>
   </div>
   <div class='ocr_carea' id='block_1_3' title="bbox 174 1704 2703 2397">
    <p class='ocr_par' dir='ltr' id='par_1_3' title="bbox 249 1704 2703 2050">
     <span class='ocr_line' id='line_1_17' title="bbox 438 1704 2703 1791; baseline 0.001 -25"><span class='ocrx_word' id='word_1_145' title='bbox 438 1704 657 1779; x_wconf 61' lang='lat' dir='ltr'>XLV.</span> <span class='ocrx_word' id='word_1_146' title='bbox 708 1704 867 1769; x_wconf 93' lang='lat' dir='ltr'>Inde</span> <span class='ocrx_word' id='word_1_147' title='bbox 911 1706 1150 1788; x_wconf 90' lang='lat' dir='ltr'>legatio</span> <span class='ocrx_word' id='word_1_148' title='bbox 1212 1704 1328 1770; x_wconf 91' lang='lat' dir='ltr'>sub</span> <span class='ocrx_word' id='word_1_149' title='bbox 1388 1704 1558 1768; x_wconf 89' lang='lat' dir='ltr'>idem</span> <span class='ocrx_word' id='word_1_150' title='bbox 1604 1712 1852 1788; x_wconf 89' lang='lat' dir='ltr'>tempus</span> <span class='ocrx_word' id='word_1_151' title='bbox 1898 1705 1964 1768; x_wconf 92' lang='lat' dir='ltr'>in</span> <span class='ocrx_word' id='word_1_152' title='bbox 2011 1705 2233 1769; x_wconf 90' lang='lat' dir='ltr'>Asiam</span> <span class='ocrx_word' id='word_1_153' title='bbox 2293 1705 2649 1791; x_wconf 80' lang='lat' dir='ltr'>circumque</span> <span class='ocrx_word' id='word_1_154' title='bbox 2681 1721 2703 1758; x_wconf 90' lang='lat'>1</span> 
     </span>
     <span class='ocr_line' id='line_1_18' title="bbox 249 1789 2702 1875; baseline 0 -21"><span class='ocrx_word' id='word_1_155' title='bbox 249 1789 493 1856; x_wconf 86' lang='lat' dir='ltr'>insulas</span> <span class='ocrx_word' id='word_1_156' title='bbox 539 1791 750 1856; x_wconf 87' lang='lat' dir='ltr'>missa.</span> <span class='ocrx_word' id='word_1_157' title='bbox 829 1798 956 1856; x_wconf 91' lang='lat' dir='ltr'>tres</span> <span class='ocrx_word' id='word_1_158' title='bbox 1004 1798 1182 1856; x_wconf 89' lang='lat' dir='ltr'>erant</span> <span class='ocrx_word' id='word_1_159' title='bbox 1227 1791 1445 1874; x_wconf 91' lang='lat' dir='ltr'>legati,</span> <span class='ocrx_word' id='word_1_160' title='bbox 1490 1790 1587 1855; x_wconf 88' lang='lat' dir='ltr'>Ti.</span> <span class='ocrx_word' id='word_1_161' title='bbox 1641 1790 1944 1856; x_wconf 83' lang='lat' dir='ltr'>Claudius</span> <span class='ocrx_word' id='word_1_162' title='bbox 1995 1792 2104 1875; x_wconf 87' lang='lat' dir='ltr'>Sp.</span> <span class='ocrx_word' id='word_1_163' title='bbox 2156 1791 2516 1857; x_wconf 85' lang='lat' dir='ltr'>Postumius</span> <span class='ocrx_word' id='word_1_164' title='bbox 2560 1792 2645 1856; x_wconf 90' lang='lat' dir='ltr'>M.</span> <span class='ocrx_word' id='word_1_165' title='bbox 2678 1807 2702 1844; x_wconf 76' lang='lat'><em>2</em></span> 
     </span>
     <span class='ocr_line' id='line_1_19' title="bbox 250 1876 2649 1961; baseline 0.001 -20"><span class='ocrx_word' id='word_1_166' title='bbox 250 1877 492 1942; x_wconf 91' lang='lat' dir='ltr'>Iunius.</span> <span class='ocrx_word' id='word_1_167' title='bbox 548 1877 595 1942; x_wconf 93' lang='lat' dir='ltr'>ii</span> <span class='ocrx_word' id='word_1_168' title='bbox 639 1877 1097 1943; x_wconf 89' lang='lat' dir='ltr'>circumeuntes</span> <span class='ocrx_word' id='word_1_169' title='bbox 1130 1879 1543 1943; x_wconf 87' lang='lat' dir='ltr'>hortabantur</span> <span class='ocrx_word' id='word_1_170' title='bbox 1574 1877 1781 1943; x_wconf 88' lang='lat' dir='ltr'>socios</span> <span class='ocrx_word' id='word_1_171' title='bbox 1813 1876 1898 1942; x_wconf 88' lang='lat' dir='ltr'>ad</span> <span class='ocrx_word' id='word_1_172' title='bbox 1929 1877 2401 1961; x_wconf 86' lang='lat' dir='ltr'>suscipiendum</span> <span class='ocrx_word' id='word_1_173' title='bbox 2430 1878 2649 1943; x_wconf 88' lang='lat' dir='ltr'>adver-</span> 
     </span>
     <span class='ocr_line' id='line_1_20' title="bbox 250 1964 2651 2050; baseline -0 -21"><span class='ocrx_word' id='word_1_174' title='bbox 250 1983 359 2029; x_wconf 90' lang='lat' dir='ltr'>sus</span> <span class='ocrx_word' id='word_1_175' title='bbox 420 1964 658 2029; x_wconf 84' lang='lat' dir='ltr'>Persea</span> <span class='ocrx_word' id='word_1_176' title='bbox 701 1987 830 2050; x_wconf 76' lang='lat' dir='ltr'>pro</span> <span class='ocrx_word' id='word_1_177' title='bbox 889 1965 1189 2030; x_wconf 89' lang='lat' dir='ltr'>Romanis</span> <span class='ocrx_word' id='word_1_178' title='bbox 1256 1965 1524 2043; x_wconf 92' lang='lat' dir='ltr'>bellum;</span> <span class='ocrx_word' id='word_1_179' title='bbox 1594 1973 1675 2045; x_wconf 91' lang='lat' dir='ltr'>et,</span> <span class='ocrx_word' id='word_1_180' title='bbox 1747 1984 1872 2046; x_wconf 94' lang='lat' dir='ltr'>quo</span> <span class='ocrx_word' id='word_1_181' title='bbox 1941 1984 2229 2046; x_wconf 90' lang='lat' dir='ltr'>quaeque</span> <span class='ocrx_word' id='word_1_182' title='bbox 2295 1964 2651 2048; x_wconf 91' lang='lat' dir='ltr'>opulentior</span> 
     </span>
    </p>

    <p class='ocr_par' dir='ltr' id='par_1_4' title="bbox 174 2050 2701 2397">
     <span class='ocr_line' id='line_1_21' title="bbox 174 2050 2649 2134; baseline 0.001 -22"><span class='ocrx_word' id='word_1_183' title='bbox 174 2072 223 2112; x_wconf 81' lang='lat'>20</span> <span class='ocrx_word' id='word_1_184' title='bbox 251 2050 480 2116; x_wconf 81' lang='lat' dir='ltr'>civitas</span> <span class='ocrx_word' id='word_1_185' title='bbox 555 2057 709 2132; x_wconf 91' lang='lat' dir='ltr'>erat,</span> <span class='ocrx_word' id='word_1_186' title='bbox 788 2072 864 2116; x_wconf 93' lang='lat' dir='ltr'>eo</span> <span class='ocrx_word' id='word_1_187' title='bbox 937 2051 1294 2116; x_wconf 87' lang='lat' dir='ltr'>accuratius</span> <span class='ocrx_word' id='word_1_188' title='bbox 1369 2052 1667 2134; x_wconf 82' lang='lat' dir='ltr'>agebant,</span> <span class='ocrx_word' id='word_1_189' title='bbox 1745 2051 1893 2134; x_wconf 90' lang='lat' dir='ltr'>quia</span> <span class='ocrx_word' id='word_1_190' title='bbox 1969 2051 2241 2115; x_wconf 90' lang='lat' dir='ltr'>minores</span> <span class='ocrx_word' id='word_1_191' title='bbox 2318 2058 2649 2116; x_wconf 88' lang='lat' dir='ltr'>secuturae</span> 
     </span>
     <span class='ocr_line' id='line_1_22' title="bbox 251 2137 2701 2204; baseline 0 -2"><span class='ocrx_word' id='word_1_192' title='bbox 251 2138 564 2202; x_wconf 90' lang='lat' dir='ltr'>maiorum</span> <span class='ocrx_word' id='word_1_193' title='bbox 610 2139 1051 2204; x_wconf 87' lang='lat' dir='ltr'>auctoritatem</span> <span class='ocrx_word' id='word_1_194' title='bbox 1099 2147 1298 2204; x_wconf 89' lang='lat' dir='ltr'>erant.</span> <span class='ocrx_word' id='word_1_195' title='bbox 1376 2137 1612 2203; x_wconf 88' lang='lat' dir='ltr'>Rhodii</span> <span class='ocrx_word' id='word_1_196' title='bbox 1658 2138 1916 2203; x_wconf 85' lang='lat' dir='ltr'>maximi</span> <span class='ocrx_word' id='word_1_197' title='bbox 1963 2137 2047 2202; x_wconf 93' lang='lat' dir='ltr'>ad</span> <span class='ocrx_word' id='word_1_198' title='bbox 2094 2138 2305 2202; x_wconf 87' lang='lat' dir='ltr'>omnia</span> <span class='ocrx_word' id='word_1_199' title='bbox 2350 2139 2701 2204; x_wconf 76' lang='lat' dir='ltr'>momentis</span> 
     </span>
     <span class='ocr_line' id='line_1_23' title="bbox 250 2225 2649 2308; baseline 0.001 -20"><span class='ocrx_word' id='word_1_200' title='bbox 250 2225 666 2305; x_wconf 89' lang='lat' dir='ltr'>habebantur,</span> <span class='ocrx_word' id='word_1_201' title='bbox 725 2225 874 2308; x_wconf 91' lang='lat' dir='ltr'>quia</span> <span class='ocrx_word' id='word_1_202' title='bbox 916 2246 1043 2291; x_wconf 92' lang='lat' dir='ltr'>non</span> <span class='ocrx_word' id='word_1_203' title='bbox 1089 2226 1307 2291; x_wconf 89' lang='lat' dir='ltr'>fovere</span> <span class='ocrx_word' id='word_1_204' title='bbox 1352 2232 1617 2307; x_wconf 89' lang='lat' dir='ltr'>tantum,</span> <span class='ocrx_word' id='word_1_205' title='bbox 1665 2225 1780 2289; x_wconf 92' lang='lat' dir='ltr'>sed</span> <span class='ocrx_word' id='word_1_206' title='bbox 1825 2225 2128 2289; x_wconf 87' lang='lat' dir='ltr'>adiuvare</span> <span class='ocrx_word' id='word_1_207' title='bbox 2175 2225 2366 2289; x_wconf 88' lang='lat' dir='ltr'>etiam</span> <span class='ocrx_word' id='word_1_208' title='bbox 2411 2226 2649 2290; x_wconf 87' lang='lat' dir='ltr'>viribus</span> 
     </span>
     <span class='ocr_line' id='line_1_24' title="bbox 253 2311 2650 2397; baseline 0 -21"><span class='ocrx_word' id='word_1_209' title='bbox 253 2311 386 2377; x_wconf 86' lang='lat' dir='ltr'>suis</span> <span class='ocrx_word' id='word_1_210' title='bbox 432 2312 669 2376; x_wconf 91' lang='lat' dir='ltr'>bellum</span> <span class='ocrx_word' id='word_1_211' title='bbox 728 2319 1042 2397; x_wconf 90' lang='lat' dir='ltr'>poterant,</span> <span class='ocrx_word' id='word_1_212' title='bbox 1105 2312 1530 2395; x_wconf 87' lang='lat' dir='ltr'>quadraginta</span> <span class='ocrx_word' id='word_1_213' title='bbox 1588 2313 1857 2377; x_wconf 85' lang='lat' dir='ltr'>navibus</span> <span class='ocrx_word' id='word_1_214' title='bbox 1918 2319 2174 2377; x_wconf 91' lang='lat' dir='ltr'>auctore</span> <span class='ocrx_word' id='word_1_215' title='bbox 2220 2311 2650 2394; x_wconf 82' lang='lat' dir='ltr'>Hegesilocho</span> 
     </span>
    </p>
   </div>
   <div class='ocr_carea' id='block_1_4' title="bbox 254 2428 676 2435">
    <p class='ocr_par' dir='ltr' id='par_1_5' title="bbox 254 2428 676 2435">
     <span class='ocr_line' id='line_1_25' title="bbox 254 2428 676 2435; baseline 0 0"><span class='ocrx_word' id='word_1_216' title='bbox 254 2428 676 2435; x_wconf 95' lang='lat' dir='ltr'> </span> 
     </span>
    </p>
   </div>
   <div class='ocr_carea' id='block_1_5' title="bbox 246 2467 2655 3590">
    <p class='ocr_par' dir='ltr' id='par_1_6' title="bbox 246 2467 2655 3590">
     <span class='ocr_line' id='line_1_26' title="bbox 501 2467 2650 2539; baseline 0.001 -19"><span class='ocrx_word' id='word_1_217' title='bbox 501 2473 546 2520; x_wconf 90' lang='lat'>1.</span> <span class='ocrx_word' id='word_1_218' title='bbox 619 2469 1006 2537; x_wconf 86' lang='lat' dir='ltr'>Anthiocique.</span> <span class='ocrx_word' id='word_1_219' title='bbox 1078 2468 1088 2536; x_wconf 94' lang='grc' dir='ltr'>Ι</span> <span class='ocrx_word' id='word_1_220' title='bbox 1160 2474 1208 2524; x_wconf 96' lang='grc'>2.</span> <span class='ocrx_word' id='word_1_221' title='bbox 1279 2470 1493 2539; x_wconf 90' lang='lat' dir='ltr'>imperi.</span> <span class='ocrx_word' id='word_1_222' title='bbox 1568 2467 1578 2536; x_wconf 97' lang='grc' dir='ltr'>Ι</span> <span class='ocrx_word' id='word_1_223' title='bbox 1663 2469 1968 2523; x_wconf 69' lang='lat' dir='ltr'>uictaeade&#39;</span> <span class='ocrx_word' id='word_1_224' title='bbox 2011 2467 2029 2536; x_wconf 72' lang='grc' dir='ltr'>ΙΙ</span> <span class='ocrx_word' id='word_1_225' title='bbox 2072 2470 2423 2536; x_wconf 87' lang='lat' dir='ltr'>multitudo*,</span> <span class='ocrx_word' id='word_1_226' title='bbox 2514 2487 2650 2523; x_wconf 88' lang='lat' dir='ltr'>corr.</span> 
     </span>
     <span class='ocr_line' id='line_1_27' title="bbox 251 2555 2654 2627; baseline 0.001 -19"><span class='ocrx_word' id='word_1_227' title='bbox 251 2555 476 2624; x_wconf 75' lang='lat' dir='ltr'>Madviy</span> <span class='ocrx_word' id='word_1_228' title='bbox 530 2556 650 2608; x_wconf 90' lang='lat' dir='ltr'>Em.</span> <span class='ocrx_word' id='word_1_229' title='bbox 711 2556 775 2609; x_wconf 89' lang='lat' dir='ltr'>L.</span> <span class='ocrx_word' id='word_1_230' title='bbox 832 2575 888 2625; x_wconf 85' lang='grc' dir='ltr'>Ρ.</span> <span class='ocrx_word' id='word_1_231' title='bbox 949 2556 1074 2611; x_wconf 79' lang='grc'><strong>647.</strong></span> <span class='ocrx_word' id='word_1_232' title='bbox 1147 2555 1156 2623; x_wconf 95' lang='grc' dir='ltr'>Ι</span> <span class='ocrx_word' id='word_1_233' title='bbox 1229 2561 1278 2612; x_wconf 86' lang='grc'>4.</span> <span class='ocrx_word' id='word_1_234' title='bbox 1331 2560 1549 2627; x_wconf 84' lang='lat' dir='ltr'>legatos</span> <span class='ocrx_word' id='word_1_235' title='bbox 1603 2560 1733 2610; x_wconf 87' lang='lat' dir='ltr'>coni.</span> <span class='ocrx_word' id='word_1_236' title='bbox 1794 2557 1934 2610; x_wconf 68' lang='lat' dir='ltr'>Rem</span> <span class='ocrx_word' id='word_1_237' title='bbox 1993 2558 2167 2611; x_wconf 75' lang='lat' dir='ltr'>Jahrb.</span> <span class='ocrx_word' id='word_1_238' title='bbox 2207 2558 2264 2627; x_wconf 86' lang='lat' dir='ltr'>f.</span> <span class='ocrx_word' id='word_1_239' title='bbox 2321 2558 2459 2610; x_wconf 71' lang='lat' dir='ltr'>Phil.</span> <span class='ocrx_word' id='word_1_240' title='bbox 2507 2556 2654 2611; x_wconf 90' lang='grc'><em>1888</em></span> 
     </span>
     <span class='ocr_line' id='line_1_28' title="bbox 246 2639 2650 2713; baseline 0.001 -19"><span class='ocrx_word' id='word_1_241' title='bbox 246 2661 304 2711; x_wconf 88' lang='lat' dir='ltr'>p.</span> <span class='ocrx_word' id='word_1_242' title='bbox 367 2639 498 2710; x_wconf 80' lang='lat'>334,</span> <span class='ocrx_word' id='word_1_243' title='bbox 552 2645 645 2695; x_wconf 85' lang='lat' dir='ltr'>sed</span> <span class='ocrx_word' id='word_1_244' title='bbox 701 2645 774 2713; x_wconf 87' lang='lat' dir='ltr'>cf.</span> <span class='ocrx_word' id='word_1_245' title='bbox 840 2644 906 2695; x_wconf 89' lang='lat' dir='ltr'>H.</span> <span class='ocrx_word' id='word_1_246' title='bbox 962 2645 1007 2696; x_wconf 89' lang='lat' dir='ltr'>I.</span> <span class='ocrx_word' id='word_1_247' title='bbox 1067 2644 1257 2697; x_wconf 69' lang='lat' dir='ltr'>Mitller</span> <span class='ocrx_word' id='word_1_248' title='bbox 1322 2662 1445 2697; x_wconf 86' lang='lat' dir='ltr'>ann.</span> <span class='ocrx_word' id='word_1_249' title='bbox 1500 2645 1677 2697; x_wconf 84' lang='lat' dir='ltr'>Berol.</span> <span class='ocrx_word' id='word_1_250' title='bbox 1734 2642 1880 2697; x_wconf 81' lang='grc'><em>1889</em></span> <span class='ocrx_word' id='word_1_251' title='bbox 1936 2662 1995 2713; x_wconf 87' lang='grc' dir='ltr'>Ρ.</span> <span class='ocrx_word' id='word_1_252' title='bbox 2049 2641 2145 2697; x_wconf 80' lang='grc'><strong>56.</strong></span> <span class='ocrx_word' id='word_1_253' title='bbox 2213 2640 2222 2709; x_wconf 91' lang='grc' dir='ltr'>Ι</span> <span class='ocrx_word' id='word_1_254' title='bbox 2291 2643 2583 2697; x_wconf 86' lang='lat' dir='ltr'>Calcidem.</span> <span class='ocrx_word' id='word_1_255' title='bbox 2644 2642 2650 2707; x_wconf 94' lang='grc' dir='ltr'>Ι</span> 
     </span>
     <span class='ocr_line' id='line_1_29' title="bbox 252 2727 2655 2800; baseline -0 -17"><span class='ocrx_word' id='word_1_256' title='bbox 252 2732 302 2783; x_wconf 91' lang='grc'>6.</span> <span class='ocrx_word' id='word_1_257' title='bbox 341 2729 458 2783; x_wconf 90' lang='lat' dir='ltr'>leti.</span> <span class='ocrx_word' id='word_1_258' title='bbox 491 2727 499 2795; x_wconf 96' lang='grc' dir='ltr'>Ι</span> <span class='ocrx_word' id='word_1_259' title='bbox 533 2730 990 2798; x_wconf 85' lang='lat' dir='ltr'>ethisseparatim,</span> <span class='ocrx_word' id='word_1_260' title='bbox 1030 2736 1086 2784; x_wconf 90' lang='lat' dir='ltr'>et</span> <span class='ocrx_word' id='word_1_261' title='bbox 1126 2732 1213 2784; x_wconf 88' lang='lat' dir='ltr'>his</span> <span class='ocrx_word' id='word_1_262' title='bbox 1252 2731 1377 2795; x_wconf 88' lang='lat' dir='ltr'>&lt;et&gt;</span> <span class='ocrx_word' id='word_1_263' title='bbox 1415 2732 1714 2800; x_wconf 88' lang='lat' dir='ltr'>separatim</span> <span class='ocrx_word' id='word_1_264' title='bbox 1751 2732 1797 2784; x_wconf 87' lang='lat' dir='ltr'>I.</span> <span class='ocrx_word' id='word_1_265' title='bbox 1822 2732 1887 2783; x_wconf 83' lang='lat' dir='ltr'>F.</span> <span class='ocrx_word' id='word_1_266' title='bbox 1917 2732 2227 2796; x_wconf 78' lang='lat' dir='ltr'>Gronovius,</span> <span class='ocrx_word' id='word_1_267' title='bbox 2272 2731 2357 2784; x_wconf 86' lang='lat' dir='ltr'>his</span> <span class='ocrx_word' id='word_1_268' title='bbox 2402 2735 2458 2784; x_wconf 89' lang='lat' dir='ltr'>et</span> <span class='ocrx_word' id='word_1_269' title='bbox 2499 2731 2655 2796; x_wconf 89' lang='lat' dir='ltr'>&lt;uni-</span> 
     </span>
     <span class='ocr_line' id='line_1_30' title="bbox 250 2816 2650 2887; baseline -0 -17"><span class='ocrx_word' id='word_1_270' title='bbox 250 2817 430 2870; x_wconf 82' lang='lat' dir='ltr'>versis</span> <span class='ocrx_word' id='word_1_271' title='bbox 468 2816 557 2877; x_wconf 88' lang='lat' dir='ltr'>et&gt;</span> <span class='ocrx_word' id='word_1_272' title='bbox 607 2818 906 2886; x_wconf 86' lang='lat' dir='ltr'>separatim</span> <span class='ocrx_word' id='word_1_273' title='bbox 954 2818 1146 2871; x_wconf 78' lang='lat' dir='ltr'>Novdk</span> <span class='ocrx_word' id='word_1_274' title='bbox 1192 2838 1249 2887; x_wconf 85' lang='lat' dir='ltr'>p.</span> <span class='ocrx_word' id='word_1_275' title='bbox 1287 2817 1420 2872; x_wconf 81' lang='lat'>261.</span> <span class='ocrx_word' id='word_1_276' title='bbox 1471 2816 1480 2884; x_wconf 92' lang='grc' dir='ltr'>Ι</span> <span class='ocrx_word' id='word_1_277' title='bbox 1530 2820 1579 2872; x_wconf 89' lang='grc'>9.</span> <span class='ocrx_word' id='word_1_278' title='bbox 1617 2817 2366 2885; x_wconf 67' lang='lat' dir='ltr'>Boeticoncilioponnensu**</span> <span class='ocrx_word' id='word_1_279' title='bbox 2416 2817 2495 2884; x_wconf 87' lang='lat' dir='ltr'>(in</span> <span class='ocrx_word' id='word_1_280' title='bbox 2531 2820 2650 2870; x_wconf 86' lang='lat' dir='ltr'>add.</span> 
     </span>
     <span class='ocr_line' id='line_1_31' title="bbox 250 2901 2652 2974; baseline 0 -19"><span class='ocrx_word' id='word_1_281' title='bbox 250 2901 519 2972; x_wconf 76' lang='lat' dir='ltr'>Madviq).</span> <span class='ocrx_word' id='word_1_282' title='bbox 552 2901 561 2967; x_wconf 93' lang='grc' dir='ltr'>Ι</span> <span class='ocrx_word' id='word_1_283' title='bbox 596 2906 677 2956; x_wconf 93' lang='grc'>10.</span> <span class='ocrx_word' id='word_1_284' title='bbox 701 2903 1719 2970; x_wconf 85' lang='lat' dir='ltr'>Serg.Corneliocalchidemareersito.</span> <span class='ocrx_word' id='word_1_285' title='bbox 1752 2902 1761 2970; x_wconf 98' lang='grc' dir='ltr'>Ι</span> <span class='ocrx_word' id='word_1_286' title='bbox 1797 2904 2020 2971; x_wconf 87' lang='lat' dir='ltr'>11.Argi</span> <span class='ocrx_word' id='word_1_287' title='bbox 2040 2903 2652 2974; x_wconf 83' lang='lat' dir='ltr'>(Aegiiconi.Harantp.</span> 
     </span>
     <span class='ocr_line' id='line_1_32' title="bbox 252 2987 2651 3061; baseline 0.002 -21"><span class='ocrx_word' id='word_1_288' title='bbox 252 2988 408 3055; x_wconf 85' lang='grc'><strong>157).</strong></span> <span class='ocrx_word' id='word_1_289' title='bbox 458 2987 480 3055; x_wconf 82' lang='grc' dir='ltr'>Ι’</span> <span class='ocrx_word' id='word_1_290' title='bbox 518 2989 658 3044; x_wconf 81' lang='lat' dir='ltr'>estii.</span> <span class='ocrx_word' id='word_1_291' title='bbox 710 2988 718 3055; x_wconf 99' lang='grc' dir='ltr'>Ι</span> <span class='ocrx_word' id='word_1_292' title='bbox 767 2990 1127 3061; x_wconf 84' lang='lat' dir='ltr'>ubiresaliud,</span> <span class='ocrx_word' id='word_1_293' title='bbox 1181 2992 1278 3046; x_wconf 90' lang='lat' dir='ltr'>ubi</span> <span class='ocrx_word' id='word_1_294' title='bbox 1313 2992 1454 3044; x_wconf 85' lang='lat' dir='ltr'>nihil</span> <span class='ocrx_word' id='word_1_295' title='bbox 1492 2992 1646 3045; x_wconf 88' lang='lat' dir='ltr'>aliud</span> <span class='ocrx_word' id='word_1_296' title='bbox 1698 2995 1775 3044; x_wconf 79' lang='lat' dir='ltr'>ed.</span> <span class='ocrx_word' id='word_1_297' title='bbox 1813 2993 1942 3044; x_wconf 78' lang='lat' dir='ltr'>Bas,</span> <span class='ocrx_word' id='word_1_298' title='bbox 1987 2988 2137 3044; x_wconf 87' lang='grc'><em>1531</em></span> <span class='ocrx_word' id='word_1_299' title='bbox 2177 2991 2378 3056; x_wconf 82' lang='lat' dir='ltr'>(Hertz,</span> <span class='ocrx_word' id='word_1_300' title='bbox 2418 2992 2651 3060; x_wconf 73' lang='lat' dir='ltr'>Madviy,</span> 
     </span>
     <span class='ocr_line' id='line_1_33' title="bbox 264 3073 2652 3147; baseline 0.001 -18"><span class='ocrx_word' id='word_1_301' title='bbox 264 3076 627 3129; x_wconf 79' lang='lat' dir='ltr'>Weissenborn</span> <span class='ocrx_word' id='word_1_302' title='bbox 663 3087 920 3143; x_wconf 86' lang='lat' dir='ltr'>verentur,</span> <span class='ocrx_word' id='word_1_303' title='bbox 970 3096 1033 3130; x_wconf 88' lang='lat' dir='ltr'>ne</span> <span class='ocrx_word' id='word_1_304' title='bbox 1070 3081 1124 3131; x_wconf 92' lang='lat' dir='ltr'>in</span> <span class='ocrx_word' id='word_1_305' title='bbox 1160 3082 1270 3132; x_wconf 84' lang='lat' dir='ltr'>cod.</span> <span class='ocrx_word' id='word_1_306' title='bbox 1308 3082 1442 3132; x_wconf 88' lang='lat' dir='ltr'>inter</span> <span class='ocrx_word' id='word_1_307' title='bbox 1476 3096 1567 3132; x_wconf 85' lang='lat' dir='ltr'>res</span> <span class='ocrx_word' id='word_1_308' title='bbox 1621 3091 1667 3131; x_wconf 84' lang='lat' dir='ltr'>et</span> <span class='ocrx_word' id='word_1_309' title='bbox 1711 3078 1864 3132; x_wconf 89' lang='lat' dir='ltr'>aliud</span> <span class='ocrx_word' id='word_1_310' title='bbox 1895 3073 2060 3147; x_wconf 76' lang='lat' dir='ltr'>plura</span> <span class='ocrx_word' id='word_1_311' title='bbox 2099 3077 2495 3142; x_wconf 78' lang='lat' dir='ltr'>interciderint).</span> <span class='ocrx_word' id='word_1_312' title='bbox 2528 3078 2536 3142; x_wconf 96' lang='grc' dir='ltr'>Ι</span> <span class='ocrx_word' id='word_1_313' title='bbox 2572 3081 2652 3131; x_wconf 91' lang='grc'>12.</span> 
     </span>
     <span class='ocr_line' id='line_1_34' title="bbox 251 3159 2654 3231; baseline 0 -15"><span class='ocrx_word' id='word_1_314' title='bbox 251 3162 547 3216; x_wconf 89' lang='lat' dir='ltr'>Aceorum.</span> <span class='ocrx_word' id='word_1_315' title='bbox 580 3159 589 3227; x_wconf 96' lang='grc' dir='ltr'>Ι</span> <span class='ocrx_word' id='word_1_316' title='bbox 625 3166 704 3216; x_wconf 89' lang='grc'>13.</span> <span class='ocrx_word' id='word_1_317' title='bbox 730 3163 1025 3218; x_wconf 86' lang='lat' dir='ltr'>Calcidem.</span> <span class='ocrx_word' id='word_1_318' title='bbox 1060 3162 1069 3231; x_wconf 94' lang='grc' dir='ltr'>Ι</span> <span class='ocrx_word' id='word_1_319' title='bbox 1105 3168 1185 3218; x_wconf 89' lang='grc'>16.</span> <span class='ocrx_word' id='word_1_320' title='bbox 1210 3166 1629 3228; x_wconf 87' lang='lat' dir='ltr'>Asiamcircum,</span> <span class='ocrx_word' id='word_1_321' title='bbox 1650 3165 1839 3219; x_wconf 87' lang='lat' dir='ltr'>Asiam</span> <span class='ocrx_word' id='word_1_322' title='bbox 1866 3163 2258 3231; x_wconf 88' lang='lat' dir='ltr'>circum&lt;que&gt;</span> <span class='ocrx_word' id='word_1_323' title='bbox 2291 3164 2360 3215; x_wconf 94' lang='grc' dir='ltr'>Η.</span> <span class='ocrx_word' id='word_1_324' title='bbox 2387 3165 2433 3216; x_wconf 92' lang='lat' dir='ltr'>I.</span> <span class='ocrx_word' id='word_1_325' title='bbox 2460 3164 2654 3218; x_wconf 72' lang='lat' dir='ltr'>Micller</span> 
     </span>
     <span class='ocr_line' id='line_1_35' title="bbox 251 3249 2653 3320; baseline 0.001 -19"><span class='ocrx_word' id='word_1_326' title='bbox 251 3266 372 3301; x_wconf 84' lang='lat' dir='ltr'>ann.</span> <span class='ocrx_word' id='word_1_327' title='bbox 411 3250 588 3302; x_wconf 86' lang='lat' dir='ltr'>Berol.</span> <span class='ocrx_word' id='word_1_328' title='bbox 643 3249 791 3303; x_wconf 92' lang='grc'><em>1888</em></span> <span class='ocrx_word' id='word_1_329' title='bbox 836 3268 895 3320; x_wconf 94' lang='grc' dir='ltr'>Ρ.</span> <span class='ocrx_word' id='word_1_330' title='bbox 934 3249 1044 3303; x_wconf 76' lang='lat'>104</span> <span class='ocrx_word' id='word_1_331' title='bbox 1099 3250 1307 3317; x_wconf 84' lang='lat' dir='ltr'>(Asiam</span> <span class='ocrx_word' id='word_1_332' title='bbox 1363 3251 1490 3315; x_wconf 86' lang='lat' dir='ltr'>&lt;et&gt;</span> <span class='ocrx_word' id='word_1_333' title='bbox 1530 3252 1741 3305; x_wconf 89' lang='lat' dir='ltr'>circum</span> <span class='ocrx_word' id='word_1_334' title='bbox 1790 3252 1990 3316; x_wconf 86' lang='lat' dir='ltr'>Duker,</span> <span class='ocrx_word' id='word_1_335' title='bbox 2042 3251 2232 3303; x_wconf 86' lang='lat' dir='ltr'>Asiam</span> <span class='ocrx_word' id='word_1_336' title='bbox 2271 3249 2405 3314; x_wconf 86' lang='lat' dir='ltr'>&lt;ac&gt;</span> <span class='ocrx_word' id='word_1_337' title='bbox 2444 3251 2653 3304; x_wconf 88' lang='lat' dir='ltr'>circum</span> 
     </span>
     <span class='ocr_line' id='line_1_36' title="bbox 263 3334 2653 3407; baseline 0 -18"><span class='ocrx_word' id='word_1_338' title='bbox 263 3336 668 3402; x_wconf 83' lang='lat' dir='ltr'>Weissenborn).</span> <span class='ocrx_word' id='word_1_339' title='bbox 701 3334 710 3402; x_wconf 98' lang='grc' dir='ltr'>Ι</span> <span class='ocrx_word' id='word_1_340' title='bbox 746 3340 828 3390; x_wconf 88' lang='grc'>17.</span> <span class='ocrx_word' id='word_1_341' title='bbox 866 3338 927 3390; x_wconf 93' lang='grc' dir='ltr'>Τ.</span> <span class='ocrx_word' id='word_1_342' title='bbox 968 3338 1248 3406; x_wconf 84' lang='lat' dir='ltr'>Claudius,</span> <span class='ocrx_word' id='word_1_343' title='bbox 1286 3356 1421 3392; x_wconf 87' lang='lat' dir='ltr'>corr.</span> <span class='ocrx_word' id='word_1_344' title='bbox 1458 3340 1720 3407; x_wconf 75' lang='lat' dir='ltr'>Siyonius.</span> <span class='ocrx_word' id='word_1_345' title='bbox 1753 3335 1762 3406; x_wconf 99' lang='grc' dir='ltr'>Ι</span> <span class='ocrx_word' id='word_1_346' title='bbox 1793 3339 1853 3393; x_wconf 91' lang='lat' dir='ltr'>P.</span> <span class='ocrx_word' id='word_1_347' title='bbox 1876 3337 2210 3405; x_wconf 86' lang='lat' dir='ltr'>Postumius,</span> <span class='ocrx_word' id='word_1_348' title='bbox 2249 3354 2382 3389; x_wconf 87' lang='lat' dir='ltr'>corr.</span> <span class='ocrx_word' id='word_1_349' title='bbox 2405 3338 2653 3390; x_wconf 81' lang='lat' dir='ltr'>Draken-</span> 
     </span>
     <span class='ocr_line' id='line_1_37' title="bbox 251 3420 2649 3492; baseline 0.001 -18"><span class='ocrx_word' id='word_1_350' title='bbox 251 3424 416 3476; x_wconf 78' lang='lat' dir='ltr'>borch.</span> <span class='ocrx_word' id='word_1_351' title='bbox 467 3420 476 3489; x_wconf 98' lang='grc' dir='ltr'>Ι</span> <span class='ocrx_word' id='word_1_352' title='bbox 528 3423 609 3475; x_wconf 92' lang='grc'>18.</span> <span class='ocrx_word' id='word_1_353' title='bbox 669 3423 1367 3492; x_wconf 83' lang='lat' dir='ltr'>adueruspersearomanis,</span> <span class='ocrx_word' id='word_1_354' title='bbox 1416 3442 1552 3478; x_wconf 86' lang='lat' dir='ltr'>corr.</span> <span class='ocrx_word' id='word_1_355' title='bbox 1608 3428 1685 3477; x_wconf 82' lang='lat' dir='ltr'>ed.</span> <span class='ocrx_word' id='word_1_356' title='bbox 1722 3425 1851 3477; x_wconf 82' lang='lat' dir='ltr'>Bas.</span> <span class='ocrx_word' id='word_1_357' title='bbox 1891 3423 2056 3477; x_wconf 82' lang='grc'><strong>1531.</strong></span> <span class='ocrx_word' id='word_1_358' title='bbox 2108 3421 2116 3490; x_wconf 94' lang='grc' dir='ltr'>Ι</span> <span class='ocrx_word' id='word_1_359' title='bbox 2166 3427 2250 3476; x_wconf 88' lang='grc'>20.</span> <span class='ocrx_word' id='word_1_360' title='bbox 2309 3423 2582 3477; x_wconf 60' lang='lat' dir='ltr'>ciuitates</span> <span class='ocrx_word' id='word_1_361' title='bbox 2640 3420 2649 3492; x_wconf 93' lang='grc' dir='ltr'>Ι</span> 
     </span>
     <span class='ocr_line' id='line_1_38' title="bbox 252 3508 2651 3590; baseline -0 -28"><span class='ocrx_word' id='word_1_362' title='bbox 252 3509 811 3590; x_wconf 80' lang='lat' dir='ltr'>agebantmquamino</span> <span class='ocrx_word' id='word_1_363' title='bbox 831 3508 849 3578; x_wconf 91' lang='grc' dir='ltr'>ΙΙ</span> <span class='ocrx_word' id='word_1_364' title='bbox 866 3511 993 3564; x_wconf 86' lang='lat' dir='ltr'>res*</span> <span class='ocrx_word' id='word_1_365' title='bbox 1033 3511 1313 3578; x_wconf 84' lang='lat' dir='ltr'>(agebant,</span> <span class='ocrx_word' id='word_1_366' title='bbox 1341 3511 1472 3575; x_wconf 91' lang='lat' dir='ltr'>&lt;ut&gt;</span> <span class='ocrx_word' id='word_1_367' title='bbox 1497 3512 1556 3564; x_wconf 91' lang='lat' dir='ltr'>in</span> <span class='ocrx_word' id='word_1_368' title='bbox 1585 3529 1693 3579; x_wconf 90' lang='lat' dir='ltr'>quo</span> <span class='ocrx_word' id='word_1_369' title='bbox 1720 3512 1967 3566; x_wconf 89' lang='lat' dir='ltr'>minores</span> <span class='ocrx_word' id='word_1_370' title='bbox 1991 3513 2123 3564; x_wconf 87' lang='lat' dir='ltr'>coni.</span> <span class='ocrx_word' id='word_1_371' title='bbox 2151 3511 2362 3564; x_wconf 80' lang='lat' dir='ltr'>Harant</span> <span class='ocrx_word' id='word_1_372' title='bbox 2376 3529 2437 3581; x_wconf 83' lang='lat' dir='ltr'>p.</span> <span class='ocrx_word' id='word_1_373' title='bbox 2462 3509 2651 3576; x_wconf 81' lang='grc'><strong>248)*.</strong></span> 
     </span>
    </p>
   </div>
   <div class='ocr_carea' id='block_1_6' title="bbox 251 3608 2653 3927">
    <p class='ocr_par' dir='ltr' id='par_1_7' title="bbox 251 3608 2653 3927">
     <span class='ocr_line' id='line_1_39' title="bbox 254 3608 2650 3684; baseline -0 -19"><span class='ocrx_word' id='word_1_374' title='bbox 254 3608 265 3680; x_wconf 93' lang='grc' dir='ltr'>Ι</span> <span class='ocrx_word' id='word_1_375' title='bbox 304 3616 387 3667; x_wconf 96' lang='grc'>21.</span> <span class='ocrx_word' id='word_1_376' title='bbox 427 3614 747 3667; x_wconf 83' lang='lat' dir='ltr'>maximum.</span> <span class='ocrx_word' id='word_1_377' title='bbox 776 3612 784 3680; x_wconf 97' lang='grc' dir='ltr'>Ι</span> <span class='ocrx_word' id='word_1_378' title='bbox 822 3613 1166 3668; x_wconf 88' lang='lat' dir='ltr'>monimenti.</span> <span class='ocrx_word' id='word_1_379' title='bbox 1203 3613 1210 3678; x_wconf 97' lang='grc' dir='ltr'>Ι</span> <span class='ocrx_word' id='word_1_380' title='bbox 1244 3617 1327 3666; x_wconf 88' lang='grc'>22.</span> <span class='ocrx_word' id='word_1_381' title='bbox 1364 3614 1572 3682; x_wconf 89' lang='lat' dir='ltr'>fauere,</span> <span class='ocrx_word' id='word_1_382' title='bbox 1610 3615 1801 3669; x_wconf 84' lang='lat' dir='ltr'>fovere</span> <span class='ocrx_word' id='word_1_383' title='bbox 1841 3617 2109 3684; x_wconf 72' lang='lat' dir='ltr'>Kreyssiy,</span> <span class='ocrx_word' id='word_1_384' title='bbox 2147 3615 2338 3669; x_wconf 86' lang='lat' dir='ltr'>favore</span> <span class='ocrx_word' id='word_1_385' title='bbox 2374 3615 2563 3667; x_wconf 82' lang='lat' dir='ltr'>Hartel</span> <span class='ocrx_word' id='word_1_386' title='bbox 2594 3631 2650 3682; x_wconf 82' lang='lat' dir='ltr'>p.</span> 
     </span>
     <span class='ocr_line' id='line_1_40' title="bbox 252 3697 2653 3768; baseline 0 -18"><span class='ocrx_word' id='word_1_387' title='bbox 252 3697 348 3751; x_wconf 83' lang='lat'>22.</span> <span class='ocrx_word' id='word_1_388' title='bbox 381 3699 390 3766; x_wconf 91' lang='grc' dir='ltr'>Ι</span> <span class='ocrx_word' id='word_1_389' title='bbox 422 3700 1098 3768; x_wconf 78' lang='lat' dir='ltr'>adiuuarentuiribussuiS,</span> <span class='ocrx_word' id='word_1_390' title='bbox 1136 3699 1399 3754; x_wconf 85' lang='lat' dir='ltr'>adiuvare</span> <span class='ocrx_word' id='word_1_391' title='bbox 1437 3701 1603 3755; x_wconf 88' lang='lat' dir='ltr'>etiam</span> <span class='ocrx_word' id='word_1_392' title='bbox 1632 3702 1845 3756; x_wconf 82' lang='lat' dir='ltr'>viribus</span> <span class='ocrx_word' id='word_1_393' title='bbox 1884 3702 1998 3755; x_wconf 86' lang='lat' dir='ltr'>suis</span> <span class='ocrx_word' id='word_1_394' title='bbox 2035 3704 2112 3755; x_wconf 87' lang='lat' dir='ltr'>ed.</span> <span class='ocrx_word' id='word_1_395' title='bbox 2138 3704 2268 3755; x_wconf 86' lang='lat' dir='ltr'>Bas.</span> <span class='ocrx_word' id='word_1_396' title='bbox 2300 3699 2461 3767; x_wconf 82' lang='grc'><em>1531,</em></span> <span class='ocrx_word' id='word_1_397' title='bbox 2499 3700 2653 3754; x_wconf 90' lang='lat' dir='ltr'>adiu-</span> 
     </span>
     <span class='ocr_line' id='line_1_41' title="bbox 251 3786 2599 3856; baseline 0.002 -20"><span class='ocrx_word' id='word_1_398' title='bbox 251 3802 380 3840; x_wconf 84' lang='lat' dir='ltr'>vare</span> <span class='ocrx_word' id='word_1_399' title='bbox 415 3786 634 3841; x_wconf 79' lang='lat' dir='ltr'>viribus</span> <span class='ocrx_word' id='word_1_400' title='bbox 670 3787 784 3841; x_wconf 79' lang='lat' dir='ltr'>suis</span> <span class='ocrx_word' id='word_1_401' title='bbox 821 3788 996 3855; x_wconf 81' lang='lat' dir='ltr'>Hertz,</span> <span class='ocrx_word' id='word_1_402' title='bbox 1051 3787 1265 3840; x_wconf 87' lang='lat' dir='ltr'>viribus</span> <span class='ocrx_word' id='word_1_403' title='bbox 1302 3788 1415 3841; x_wconf 89' lang='lat' dir='ltr'>suis</span> <span class='ocrx_word' id='word_1_404' title='bbox 1453 3788 1715 3842; x_wconf 87' lang='lat' dir='ltr'>adiuvare</span> <span class='ocrx_word' id='word_1_405' title='bbox 1753 3789 1941 3840; x_wconf 84' lang='lat' dir='ltr'>Hartel</span> <span class='ocrx_word' id='word_1_406' title='bbox 1977 3791 2009 3840; x_wconf 87' lang='lat' dir='ltr'>l.</span> <span class='ocrx_word' id='word_1_407' title='bbox 2049 3791 2083 3840; x_wconf 82' lang='lat' dir='ltr'>l.</span> <span class='ocrx_word' id='word_1_408' title='bbox 2129 3786 2138 3855; x_wconf 98' lang='grc' dir='ltr'>Ι</span> <span class='ocrx_word' id='word_1_409' title='bbox 2181 3791 2268 3843; x_wconf 88' lang='grc'>23.</span> <span class='ocrx_word' id='word_1_410' title='bbox 2304 3789 2599 3856; x_wconf 85' lang='lat' dir='ltr'>Hegesiloc</span> 
     </span>
     <span class='ocr_line' id='line_1_42' title="bbox 259 3873 2604 3927; baseline 0 -3"><span class='ocrx_word' id='word_1_411' title='bbox 259 3889 390 3926; x_wconf 88' lang='lat' dir='ltr'>corr.</span> <span class='ocrx_word' id='word_1_412' title='bbox 436 3873 677 3927; x_wconf 78' lang='lat' dir='ltr'>Ursinus.</span> <span class='ocrx_word' id='word_1_413' title='bbox 2583 3877 2604 3924; x_wconf 62' lang='grc' dir='ltr'>ε’</span> 
     </span>
    </p>
   </div>
  </div>
 </body>
</html>
