3005 4257
728 203 945 258 LIBER
982 205 1132 257 XLII
1172 206 1322 259 CAP.
1362 209 1445 259 30.
1485 209 1567 258 31.
1610 204 1677 273 [a.
1721 207 1786 260 U.
1826 224 1871 259 c.
1911 208 2036 272 583]
2499 207 2579 269 37

180 379 434 457 partem
465 372 620 438 anni
651 393 794 439 esse
825 374 1006 455 solet,
1043 375 1396 441 maioribus
1426 376 1659 442 hostiis
1682 377 2139 458 immolassent,
2174 377 2324 442 inde
2363 395 2590 462 preces

181 480 334 525 suas
380 468 681 546 acceptas
734 461 816 526 ab
875 462 1002 527 diis
1047 463 1517 528 immortalibus
1579 464 1867 549 ominati,
1930 465 2186 530 senatui
2233 465 2354 529 rite
2401 464 2593 529 sacri-

181 547 445 612 ficatum
520 547 1088 633 precationemque
1157 549 1237 613 de
1299 550 1465 615 bello
1553 550 1790 615 factam
1866 551 2330 615 renuntiarunt.
2409 552 2592 615 haru-
2624 570 2648 608 9

184 634 402 717 spices
437 634 528 698 ita
557 635 1058 736 responderunt.
1107 636 1163 700 si
1196 636 1352 718 quid
1383 638 1475 701 rei
1508 657 1713 703 novae
1745 637 2154 723 inciperetur,
2183 638 2251 702 id
2281 644 2597 702 maturan-

135 739 157 776 5
184 720 338 784 dum
371 741 549 803 esse3
584 721 940 801 victoriam,
971 721 1384 807 triumphum,
1421 744 1667 808 propa„
1633 724 1961 789 oationem
1983 725 2248 809 imperii
2236 724 2591 809 portendi.
2626 744 2675 781 ιο

170 818 422 892 patres,
470 808 639 893 quod
667 809 988 893 faustum
1034 809 1319 893 felixque
1363 811 1603 895 populo
1649 804 1935 876 Romano
1980 817 2168 889 esset,
2219 810 2597 875 centuriatis

184 893 466 959 comitiis
513 895 717 980 primo
764 919 1009 981 quoque
1057 894 1164 961 die
1213 897 1380 962 ferre
1425 897 1512 960 ad
1558 899 1863 982 populum
1911 896 2209 963 consules
2247 896 2594 977 iusserunt,

186 987 270 1061 ut,
323 981 503 1062 quod
533 983 810 1047 Perseus
842 982 1126 1068 Philippi
1148 984 1335 1062 filius,
1384 984 1807 1049 Macedonum
1837 1005 1968 1064 reX,
2017 984 2334 1049 adversus
2370 983 2595 1048 foedus

186 1088 334 1133 cum
381 1076 572 1153 patre
605 1067 904 1154 Philippo
948 1070 1146 1134 ictum
1193 1079 1256 1135 et
1290 1090 1510 1135 secum
1554 1078 1699 1155 post
1730 1078 1996 1136 mortem
2040 1070 2178 1136 eius
2218 1076 2595 1135 renovatum

113 1171 160 1208 10
188 1155 385 1220 sociis
432 1155 655 1241 populi
702 1157 970 1220 Romani
1017 1177 1198 1221 arma
1255 1157 1594 1237 intulisset,
1658 1178 1851 1240 agros
1895 1164 2217 1223 vastasset
2276 1158 2596 1240 urbesque

185 1251 585 1343 occupasset,
637 1242 933 1325 quodque
992 1243 1143 1308 belli
1188 1243 1459 1328 parandi
1514 1245 1821 1310 adversus
1882 1245 2192 1329 populum
2240 1244 2593 1309 Romanum
2624 1263 2670 1301 ιι

187 1328 465 1394 consilia
510 1329 762 1411 inisset,
794 1349 971 1393 arma
1019 1330 1256 1395 milites
1303 1331 1577 1397 classem
1610 1333 1748 1397 eius
1781 1331 1872 1395 rei
1905 1351 2103 1397 causa
2135 1338 2593 1414 comparasset,

188 1423 276 1497 ut,
330 1415 460 1479 nisi
507 1416 587 1481 de
633 1415 713 1480 iis
760 1416 952 1482 rebus
999 1414 1441 1500 satisfecisset,
1493 1418 1733 1483 bellum
1780 1438 1923 1483 cum
1981 1437 2056 1482 eo
2102 1418 2389 1482 iniretur.
2439 1416 2599 1481 haec

190 1502 448 1584 rogatio
494 1503 578 1567 ad
624 1505 931 1587 populum
975 1504 1109 1568 lata
1155 1512 1274 1569 est.

112 1707 157 1744 1⁵
400 1692 651 1759 XXXI.
707 1694 985 1759 Senatus
1050 1694 1412 1759 consultum
1472 1693 1627 1759 inde
1688 1695 1928 1759 factum
1991 1702 2107 1774 est,
2170 1702 2239 1758 ut
2300 1694 2599 1759 consules
2630 1712 2651 1749 1

185 1780 354 1844 inter
402 1799 471 1844 se
518 1781 880 1864 provincias
927 1781 1184 1846 Italiam
1233 1790 1297 1846 et
1328 1781 1775 1846 Macedoniam
1823 1788 2263 1865 compararent
2301 1781 2600 1847 sortiren-

186 1876 405 1950 turve3
465 1867 567 1931 cui
631 1868 1012 1932 Macedonia
1073 1868 1461 1953 obvenisset,
1522 1876 1591 1932 ut
1637 1868 1693 1932 is
1748 1889 1970 1950 regem
2031 1869 2288 1947 Persea,
2357 1868 2600 1949 quique

188 1954 328 2018 eius
400 1961 645 2018 sectam
713 1955 916 2019 secuti
977 1963 1211 2034 essent,
1275 1955 1400 2019 nisi
1468 1954 1707 2039 populo
1754 1955 2042 2019 Romano
2106 1954 2595 2030 satisfecissent,

190 2040 360 2105 bello
393 2048 900 2124 persequeretur.
946 2041 1237 2124 legiones
1269 2048 1567 2122 quattuor
1611 2061 1813 2106 novas
1862 2040 2056 2105 scribi
2101 2040 2362 2124 placuit,
2415 2040 2599 2106 binas
2630 2059 2653 2096 2

113 2141 162 2180 20
191 2127 467 2210 singulis
513 2127 904 2194 consulibus.
971 2130 1039 2193 id
1085 2130 1416 2214 praecipui
1476 2130 1845 2213 provinciae
1893 2126 2311 2193 Macedoniae
2360 2126 2599 2209 datum,

192 2214 386 2296 quod,
446 2234 590 2279 cum
649 2216 911 2281 alterius
975 2216 1257 2281 consulis
1317 2216 1681 2298 legionibus
1742 2215 1935 2297 quina
1995 2215 2173 2279 milia
2234 2223 2297 2279 et
2367 2214 2601 2280 duceni

192 2300 447 2384 pedites
509 2323 590 2366 ex
648 2310 865 2367 vetere
941 2303 1236 2367 instituto
1298 2302 1601 2367 darentur
1660 2304 1726 2366 in
1798 2302 2091 2385 singulas
2165 2302 2472 2384 legioneS,
2534 2302 2602 2365 in

193 2385 645 2453 Macedoniam
708 2410 863 2455 sena
935 2389 1111 2453 milia
1170 2387 1459 2474 peditum
1522 2390 1717 2456 scribi
1784 2390 1978 2470 iussa,
2043 2389 2294 2471 equites
2360 2389 2601 2453 treceni

408 2691 450 2738 1.
500 2686 692 2739 hostis.
744 2685 752 2753 Ι
801 2691 1556 2753 praecessuasquoacceptas,
1613 2701 1809 2752 preces
1855 2700 1983 2738 suas
2034 2689 2291 2751 acceptas
2341 2686 2419 2735 ed.
2470 2685 2597 2736 Bas.

193 2771 362 2839 1531,
412 2773 564 2843 prob.
624 2773 822 2826 Vahlen
870 2774 903 2823 l.
953 2774 986 2823 l.
1027 2790 1080 2839 p.
1137 2769 1273 2838 263,
1324 2772 1513 2825 Hartel
1558 2790 1616 2841 p.
1674 2770 1726 2837 6²,
1777 2771 1844 2821 Η.
1901 2771 1948 2823 Ι.
2003 2770 2197 2822 ΆΙᾶῖῖεν
2265 2772 2297 2822 l.
2337 2771 2369 2822 ἰ.
2417 2788 2473 2838 p.
2523 2768 2601 2821 35

193 2859 416 2928 (populi
466 2859 622 2913 Rom.
671 2875 868 2926 preces
935 2874 1173 2925 suasque
1229 2863 1487 2926 acceptas
1536 2858 1835 2910 dubitanter
1878 2856 2143 2924 Madviy).
2213 2854 2221 2921 Ι
2288 2860 2338 2909 3.
2375 2872 2602 2923 praeca-

193 2965 536 3031 tionemque.
596 2962 605 3030 Ι
665 2963 713 3016 5.
752 2963 1344 3030 triumphumproroga
1363 2960 1379 3028 ΙΙ
1399 2945 2016 3029 tiofelixqueffi.esset*,
2082 2962 2252 3029 suppl.
2325 2962 2403 3013 ed.
2471 2961 2601 3013 Bas,

195 3048 364 3112 1531,
432 3051 525 3101 sed
561 3050 1017 3117 prorogationem
1081 3048 1337 3116 imperii;
1374 3047 1837 3115 propagationem
1897 3046 2119 3114 imperii
2174 3047 2220 3098 Ι.
2278 3045 2601 3112 PerizoniuS,

196 3136 664 3204 propagationem
717 3134 911 3188 finium
962 3135 1334 3188 Weissenborn.
1368 3134 1376 3198 Ι
1409 3137 1458 3186 6.
1491 3151 1616 3185 num
1668 3137 1874 3200 patres,
1944 3149 2084 3199 quae
2132 3132 2317 3185 fausta
2381 3132 2602 3199 rogatio

194 3222 486 3289 felixque?
538 3221 757 3290 Madviy
805 3224 857 3274 in
907 3224 1028 3273 adn.
1085 3219 1093 3287 Ι
1143 3224 1190 3274 7.
1231 3220 1464 3275 comitis.
1522 3217 1531 3283 Ι
1585 3217 2088 3287 primodifferread,
2143 3218 2328 3285 primo
2381 3234 2601 3285 quoque

199 3308 289 3362 die
327 3308 476 3361 ferre
525 3307 597 3360 ad
630 3309 706 3360 ed.
747 3309 875 3359 Bas,
904 3304 1069 3359 1531.
1119 3303 1127 3372 Ι
1177 3309 1225 3359 9.
1251 3312 1488 3359 etschS.
1523 3303 1532 3371 Ι
1568 3309 1648 3358 10.
1686 3310 1949 3371 uastaret,
2000 3323 2135 3358 corr.
2174 3308 2250 3358 ed.
2289 3306 2417 3358 Bas.
2463 3302 2471 3369 Ι
2519 3308 2599 3356 11.

197 3391 1317 3462 aduersnspraetoremconsiliainissent.l
1364 3395 1444 3446 12.
1502 3393 1792 3445 claussem.
1825 3389 1834 3458 Ι
1869 3396 1949 3445 14.
2004 3393 2219 3459 perlata
2277 3396 2360 3444 est
2422 3391 2601 3458 Unqer

199 3499 391 3552 Philol.
451 3499 636 3567 Suppl.
697 3499 806 3565 III,
876 3516 929 3565 p.
993 3495 1117 3550 190.
1179 3495 1187 3562 Ι
1240 3501 1320 3550 16.
1384 3462 1848 3562 sortirenturque.
1898 3496 1907 3560 Ι
1959 3496 2039 3548 18.
2103 3494 2509 3548 satisfecissem.
2589 3492 2599 3560 Ι

205 3657 286 3708 19.
306 3671 471 3722 perse
488 3650 506 3720 ΙΙ
527 3601 1166 3734 ᾳ66τ6ᾗιιτ16ςαήἰοῃ6εῆ
1200 3650 1207 3717 Ι
1240 3655 1322 3705 20.
1344 3652 1657 3720 praecipue,
1680 3651 1968 3719 praecipui
1985 3650 2214 3719 Lipsius,
2240 3648 2598 3716 praecipuum

203 3760 249 3811 I.
323 3760 387 3811 F.
469 3757 778 3810 Gronovius.
852 3755 860 3822 Ι
927 3761 1009 3810 21.
1074 3756 1656 3823 co’fiS.legationibus*.
1713 3754 1721 3820 Ι
1778 3755 1976 3809 duceni
2045 3752 2260 3819 equites
2327 3756 2402 3805 ed.
2471 3753 2599 3805 Bas.

207 3844 371 3899 1531.
431 3843 440 3912 Ι
495 3847 581 3897 23.
637 3844 976 3897 Macedonia.
1036 3842 1044 3911 Ι
1084 3845 1324 3913 fortasse
1385 3842 1534 3896 iussa
1584 3843 1784 3906 <sunt>
1849 3841 2220 3896 Weissenborn.
2272 3837 2280 3905 Ι
2330 3841 2598 3906 aequites.
