3005 4257
750 177 969 230 LIBER
1006 178 1170 230 XLII.
1214 178 1365 232 CAP.
1404 179 1487 230 58.
1529 175 1600 244 [a.
1641 178 1705 231 U.
1746 195 1791 231 c.
1830 175 1955 242 583]
2479 175 2561 238 73

169 350 304 415 luce
348 349 558 433 prima
603 348 666 412 in
727 347 971 429 eodem,
1021 368 1145 432 quo
1199 349 1461 429 solebat,
1523 349 1663 414 loco
1707 346 1994 432 peditum
2054 347 2192 413 acie
2236 347 2561 425 instructa,

169 435 519 537 equitatum
565 455 815 500 omnem
859 436 1192 516 levemque
1229 442 1612 500 armaturam
1658 434 1744 499 ad
1789 443 2001 500 castra
2045 433 2324 499 hostium
2369 432 2559 498 ducit.

167 522 339 587 visus
388 529 452 587 et
495 521 768 607 plurium
817 530 880 587 et
923 522 1183 623 propior
1229 522 1416 588 solito
1452 521 1662 606 pulvis
1707 521 2245 605 trepidationem
2227 542 2293 584 1n
2338 519 2563 620 castris
2591 536 2617 575 3

167 609 468 674 Romanis
515 609 687 674 fecit.
742 616 807 674 et
850 609 1054 693 primo
1100 608 1207 673 vix
1260 608 1568 674 creditum
1613 608 1926 672 nuntianti
1986 615 2102 688 est,
2151 607 2301 690 quia
2345 606 2565 691 priori·
2630 644 2634 649 ·

120 716 151 755 5
167 696 282 761 bus
331 695 650 761 continuis
694 694 917 760 diebus
961 716 1305 778 numquam
1348 703 1498 760 ante
1544 695 1786 760 horam·
1783 702 2087 778 quartam
2124 693 2325 759 hostis
2372 714 2563 777 appa-

166 790 408 864 ruerat;
456 790 591 846 tum
637 782 790 848 solis
836 790 1009 847 ortus
1048 789 1199 847 erat.
1251 780 1482 847 deinde
1530 790 1598 846 ut
1642 782 1912 867 plurium
1946 782 2222 846 clamore
2268 787 2331 845 et
2374 799 2564 845 cursu
2592 799 2618 836 4

165 890 203 933 a
245 833 449 953 portis
496 868 808 934 dubitatio
855 877 1148 969 exempta
1195 876 1310 950 331,
1357 868 1659 933 tumultus
1712 868 1939 951 ingens
1987 867 2282 932 oboritur.
2331 865 2563 931 tribuni

164 955 601 1040 praefectique
649 963 711 1020 et
757 956 1155 1020 centuriones
1202 955 1266 1019 in
1311 955 1717 1040 praetorium,
1765 955 1948 1020 miles
1993 954 2078 1020 ad
2132 975 2248 1020 sua
2294 952 2561 1037 quisque

163 1042 439 1107 tentoria
498 1042 808 1108 discurrit.
879 1042 1086 1107 minus
1147 1042 1531 1125 quingentos
1590 1061 1818 1126 passus
1871 1062 1912 1106 a
1954 1042 2123 1106 vallo
2182 1041 2562 1105 instruxerat
2590 1056 2616 1094 ⁵

98 1151 141 1189 ιο
164 1130 438 1194 Perseus
507 1148 654 1194 suos
723 1129 891 1195 circa
963 1129 1290 1210 tumulum,
1369 1149 1558 1212 quem
1624 1127 1998 1194 Callinicum
2064 1135 2309 1193 vocant.
2379 1126 2563 1190 laevo

164 1235 361 1281 cornu
424 1215 622 1299 Cotys
681 1236 797 1280 rex
854 1223 1146 1300 praeerat
1206 1236 1349 1280 cum
1408 1214 1700 1280 omnibus
1761 1235 1914 1280 suae
1976 1215 2217 1297 gentis3
2280 1213 2563 1295 equitum
2590 1233 2612 1268 σ

166 1301 424 1367 ordines
469 1302 629 1367 levis
673 1310 993 1367 armatura
1039 1302 1410 1386 interposita
1472 1301 1923 1384 distinguebat.
1986 1302 2053 1366 in
2099 1302 2322 1365 dextro
2368 1319 2562 1364 cornu
2592 1317 2614 1355 ⁷

164 1388 553 1454 Macedones
629 1395 811 1453 erant
879 1389 1143 1471 equites,
1214 1388 1560 1453 intermixti
1618 1388 1838 1453 turmis
1908 1408 2124 1461 eorum
2193 1388 2558 1469 Cretenses3

163 1475 315 1540 huic
375 1483 734 1540 armaturae
801 1475 1020 1540 Midon
1087 1476 1464 1556 Beroeaeus,
1535 1475 1849 1576 equitibus
1918 1482 1981 1539 et
2033 1495 2313 1540 summae
2365 1473 2561 1557 partis
2591 1489 2616 1527 8

96 1582 141 1621 15
167 1562 304 1627 eius
349 1562 541 1628 Meno
595 1561 1047 1662 Antigonensis
1108 1570 1418 1647 praeerat.
1480 1561 1754 1646 proximi
1814 1562 2108 1627 cornibus
2155 1560 2563 1626 constiterant

164 1648 328 1732 regii
373 1649 640 1730 equites,
688 1656 769 1729 et,
816 1649 1081 1713 mixtum
1113 1668 1337 1730 genus,
1372 1648 1622 1713 delecta
1661 1648 1929 1733 plurium
1960 1648 2245 1730 gentium
2290 1646 2558 1729 auxilia;

166 1735 496 1800 Patrocles
555 1735 1011 1817 Antigonensis
1072 1735 1173 1800 his
1226 1743 1290 1800 et
1349 1735 1669 1799 Paeoniae
1700 1735 2089 1834 praefectus
2134 1734 2338 1799 Didas
2386 1741 2564 1798 erant
2592 1750 2617 1788 9

164 1821 531 1906 praepositi.
602 1821 849 1887 medius
903 1822 1178 1886 omnium
1248 1843 1361 1886 rex
1420 1829 1588 1904 erat3
1659 1821 1827 1886 circa
1895 1840 2040 1885 eum
2099 1841 2332 1902 agema
2392 1819 2565 1902 quod

165 1915 414 1988 vocant,
463 1908 869 1991 equitumque
914 1928 1133 1974 sacrae
1180 1909 1338 1973 alae.
1398 1916 1547 1973 ante
1606 1928 1676 1972 se
1722 1907 1941 1972 statuit
1999 1907 2351 1971 funditores
2397 1907 2565 1971 iacu-
2593 1923 2642 1960 10

94 2014 142 2054 20
165 1995 558 2076 latoresque:
606 1994 1211 2077 quadringentorum
1263 2014 1488 2059 manus
1535 2002 1802 2077 utraque
1854 2014 2183 2058 numerum
2228 1994 2560 2078 explebat;

167 2082 393 2148 Ionem
439 2080 1077 2148 Thessalonicensem
1122 2089 1185 2147 et
1216 2081 1561 2147 Artemona
1605 2082 1924 2167 Dolopem
1969 2081 2049 2145 iis
2092 2079 2418 2166 praefecit.
2470 2079 2562 2145 sic
2589 2095 2639 2133 11

164 2169 329 2252 regii
377 2168 808 2234 constiterant.
858 2170 1097 2250 consul,
1122 2169 1287 2233 intra
1329 2170 1568 2234 vallum
1597 2168 1882 2253 peditum
1942 2168 2081 2233 acie
2128 2168 2452 2248 instructa,
2502 2174 2563 2231 31

165 2255 329 2340 ipse
351 2255 703 2355 equitatum
749 2276 1000 2319 omnem
1052 2277 1196 2321 cum
1240 2256 1370 2321 levi
1432 2264 1750 2320 armatura
1796 2255 2036 2338 31111311,
2099 2274 2213 2339 pro
2260 2254 2430 2319 vallo
2476 2253 2563 2317 in-
2594 2269 2641 2306 12

165 2341 388 2408 structi
433 2350 595 2406 sunt.
655 2342 877 2406 dextro
939 2363 1133 2407 cornu
1178 2344 1582 2427 praepositus
1644 2342 1710 2407 C.
1761 2338 2040 2408 Licinius
2086 2342 2374 2422 Crassus,
2422 2361 2566 2405 con-

96 2447 143 2487 15
168 2428 325 2494 311113
393 2428 609 2509 fratel,
679 2448 825 2493 cum
893 2429 1064 2493 omni
1124 2430 1349 2494 Italico
1390 2430 1713 2530 equitatu,
1782 2429 2080 2494 velitibus
2148 2428 2559 2510 intermixtis,

165 2515 421 2581 sinistro
468 2516 552 2579 M.
587 2515 879 2580 Valerius
927 2516 1242 2581 Laevinus
1275 2516 1589 2581 sociorum
1620 2537 1701 2581 ex
1739 2515 2003 2581 Graecis
2033 2516 2286 2601 populis
2319 2513 2563 2596 equites

308 2697 309 2700 Ἴ
374 2719 425 2768 2.
485 2714 876 2797 tequitatum*.
925 2715 934 2781 Ι
983 2720 1032 2769 3.
1104 2717 1426 2785 plurimum,
1498 2717 1746 2784 plurium
1816 2720 1892 2769 ed.
1964 2718 2095 2770 Bas,
2156 2716 2322 2783 1531,
2394 2715 2564 2783 pluri-

163 2836 286 2873 mus
324 2820 594 2887 Kreyssigs.
651 2818 659 2884 Ι
713 2820 990 2886 proprior.
1023 2819 1031 2885 Ι
1063 2823 1112 2873 4.
1160 2818 1540 2885 nuntiatum!
1590 2823 1639 2873 5.
1663 2820 1804 2873 dieb.
1854 2817 1862 2885 Ι
1912 2822 1961 2873 7.
2012 2818 2246 2886 aporciS.
2303 2819 2310 2884 Ι
2349 2822 2415 2871 -9.
2454 2819 2563 2872 dis-

165 2905 372 2959 currio.
423 2904 430 2967 Ι
482 2908 564 2958 10.
586 2922 766 2971 quam.
817 2905 823 2969 Ι
875 2906 1220 2973 Callicinum,
1260 2906 1591 2959 Callinicum
1627 2906 1848 2975 Madvig
1868 2907 1987 2959 Em.
2012 2906 2075 2958 L.
2096 2924 2153 2975 p.
2180 2904 2313 2959 656.
2364 2907 2373 2971 Ι
2420 2907 2562 2959 leuo.

168 2988 178 3059 Ι
219 2995 302 3045 11.
341 2991 736 3058 rexpraeferat.
785 2990 794 3058 Ι
848 2996 926 3045 14.
966 2994 1078 3046 levi
1114 2999 1426 3046 armaturae
1474 2994 1604 3046 coni.
1643 2994 1858 3061 Madvig
1894 2994 1927 3044 l.
1967 2994 1999 3044 ί.
2050 2991 2059 3057 Ι
2108 2993 2300 3046 Midon
2339 2990 2563 3057 (Medon

164 3080 295 3131 coni.
340 3076 612 3142 Ursinus).
661 3076 670 3142 Ι
718 3078 999 3144 Uereeius,
1036 3097 1170 3133 corr.
1211 3081 1471 3147 Siyonius.
1522 3079 1531 3144 Ι
1583 3084 1664 3132 15.
1704 3065 2034 3133 cornicibus.
2084 3078 2093 3144 Ι
2139 3082 2219 3132 16.
2258 3079 2393 3145 regi.
2439 3079 2446 3143 Ι
2484 3082 2562 3131 17.

164 3164 334 3231 hicet,
371 3163 458 3218 his
495 3169 552 3218 et
586 3166 848 3233 Siyonius,
882 3166 926 3219 I.
954 3167 1014 3218 F.
1045 3166 1353 3220 Gronovius,
1386 3166 1395 3232 Ι
1426 3166 1718 3220 Poeoniae.
1751 3163 1759 3231 Ι
1794 3168 1876 3218 19.
1903 3166 2563 3233 equitumsacraequeale,

166 3252 532 3318 equitumque
571 3268 757 3305 sacrae
796 3253 915 3305 alae
952 3254 1029 3305 ed.
1066 3254 1195 3305 Bas,
1241 3251 1401 3319 1531,
1441 3270 1738 3319 sacraeque
1776 3252 2024 3319 equitum
2051 3253 2170 3305 alae
2209 3253 2564 3305 Weissenborn

165 3340 222 3391 in
277 3340 355 3391 ed.
417 3338 625 3404 Tenba„
679 3338 750 3407 cf.
797 3337 995 3392 Vahlen
1049 3341 1238 3407 ephem.
1294 3340 1472 3392 Austr.
1513 3338 1659 3393 1861
1707 3359 1764 3408 p.
1821 3338 1955 3392 258.
2022 3338 2029 3403 Ι
2098 3337 2561 3403 antesetstatuit*,

171 3421 182 3491 Ι
220 3422 1873 3493 iaculatoresqueequitfillquaeequitumquadringentorum.
1907 3425 1914 3490 Ι
1948 3429 2031 3479 20.
2058 3426 2336 3493 explebat,
2374 3425 2562 3492 exple-

167 3518 326 3565 verat
345 3514 422 3564 ecl.
442 3511 571 3564 Bas,
592 3509 758 3576 1531,
777 3512 1011 3579 Madvz’y.
1035 3508 1045 3579 Ι
1066 3516 1151 3566 21.
1171 3511 2561 3584 rationemtessalonicensemetcertimanoptolope-

168 3615 336 3664 mam,
391 3598 581 3651 Ionem
617 3598 1167 3653 Thessalonicensem
1204 3605 1259 3653 et
1293 3602 1598 3653 Artemona
1634 3599 1904 3666 Dolopem
1959 3599 2191 3666 Madviy,
2233 3616 2379 3667 quem
2415 3599 2470 3649 in
2507 3615 2562 3650 re

169 3686 364 3738 irwerta
400 3694 602 3737 secutus
635 3703 750 3737 sam
787 3683 1000 3752 (Ionem
1037 3686 1584 3740 Thessalonicensem
1630 3690 1685 3740 et
1709 3686 2007 3739 Timanora
2029 3685 2304 3753 Dolopem
2329 3688 2405 3739 ed.
2433 3687 2560 3738 Bas,

171 3768 356 3838 1531).
389 3771 398 3837 Ι
430 3774 514 3824 22.
534 3771 672 3837 regi.
705 3770 712 3837 Ι
745 3774 1019 3827 0011311133.
1053 3773 1060 3838 Ι
1094 3776 1177 3826 23.
1197 3773 1364 3840 misit,
1387 3773 1571 3826 emisit
1593 3773 1804 3825 Gruter.
1831 3770 1837 3839 Ι
1862 3776 1947 3825 24.
1971 3789 2146 3826 001133.
2180 3770 2188 3837 Ι
2222 3773 2305 3824 25.
2327 3772 2562 3825 omnita-

170 3856 802 3924 licoequitatuutuelitis.
850 3856 861 3924 Ι
908 3862 992 3914 26.
1031 3859 1284 3914 sinixtro.
1329 3859 1336 3924 Ι
1381 3859 1643 3913 Leuinus.
