3005 4257
398 158 482 220 56
899 172 1127 226 LIBER
1167 172 1368 226 XLIV.
1407 171 1572 225 CAP.
1612 172 1697 224 36.
1738 172 1823 224 37.
1867 173 1939 239 [a.
1980 172 2045 226 U.
2087 188 2131 224 c..
2171 172 2297 240 586]

397 352 696 417 omnibus
760 370 953 416 ausus
1017 357 1114 416 est
1179 369 1434 415 monere
1505 351 1854 428 consulem,
1930 370 2010 414 ne
2085 350 2336 415 hostem
2409 350 2805 417 ludificatum

298 462 353 503 10
393 444 637 524 priores
684 441 1103 523 imperatores
1142 439 1452 521 fugiendo
1491 448 1811 504 certamen
1853 440 2151 504 manibus
2188 441 2534 504 emitteret:
2578 443 2806 522 vereri,

394 553 491 610 ne,
535 534 595 594 si
657 541 847 594 nocte
915 530 1124 609 abeat,
1188 529 1552 611 sequendus
1617 529 1898 593 maximo
1962 530 2180 593 labore
2249 550 2323 593 ac
2387 530 2671 611 periculo
2739 531 2805 595 in

390 620 621 683 intima
670 618 1092 684 Macedoniae
1150 618 1252 691 sit,
1312 625 1677 699 aestasque,
1736 618 1902 682 sicut
1958 618 2278 701 prioribus
2340 618 2632 697 ducibus,
2691 641 2807 703 per

393 710 592 773 calles
643 711 969 789 saltusque
1008 708 1568 773 Macedonicorum
1619 707 1928 770 montium
1970 709 2271 789 vagando
2311 708 2804 791 circumagatur.

300 811 345 856 11
393 817 462 863 se
521 818 914 880 magnopere
972 798 1264 865 suadere.
1324 796 1475 861 dum
1525 798 1593 859 in
1650 816 1879 879 campo
1934 797 2181 879 patenti
2239 797 2488 862 hostem
2546 798 2806 879 habeat,

303 906 355 945 12
399 888 838 969 adgrediatur,
916 906 1032 950 nec
1099 886 1384 950 oblatam
1433 887 1836 950 occasionem
1895 886 2196 950 vincendi
2243 888 2512 951 amittat.
2580 890 2807 952 consul

401 977 560 1040 nihil
626 976 905 1041 offensus
971 975 1179 1039 libera
1253 975 1694 1039 admonitione
1760 982 1891 1053 tam
1959 976 2115 1038 clari
2183 976 2616 1040 adulescentis
2698 987 2803 1059 „et

397 1068 560 1148 ego“
596 1066 804 1147 inquit
849 1065 1172 1147 „animum
1211 1065 1403 1128 istum
1444 1064 1663 1139 habui,
1711 1065 1973 1143 Nasica,
2023 1084 2210 1144 quem
2248 1072 2319 1128 tu
2357 1085 2527 1128 nunc
2566 1065 2800 1146 hahes3

300 1170 351 1211 13
397 1163 479 1232 et,
523 1176 712 1235 quem
753 1176 870 1237 ego
911 1175 1075 1218 nunc
1114 1153 1343 1233 habeo,
1393 1160 1460 1217 tu
1500 1154 1786 1218 habebis.
1828 1153 2045 1218 multis
2086 1154 2239 1216 belli
2278 1154 2536 1218 casibus
2577 1154 2802 1232 didici,

393 1244 652 1325 quando
690 1244 1130 1326 pugnandum,
1180 1242 1439 1323 quando
1479 1243 1931 1307 abstinendum
1975 1263 2194 1324 pugna
2243 1244 2342 1306 sit.
2391 1265 2517 1307 non
2565 1264 2803 1326 operae

390 1341 486 1398 est
535 1333 732 1397 stanti
780 1352 947 1397 nune
995 1333 1063 1395 in
1112 1332 1253 1395 acie
1311 1332 1559 1411 docere,
1616 1332 1847 1411 quibus
1896 1332 1976 1395 de
2033 1333 2245 1396 causis
2301 1332 2496 1395 hodie
2546 1335 2803 1413 quiesse

390 1422 618 1486 melius
685 1423 782 1486 sit.
858 1422 1142 1485 rationes
1208 1421 1371 1485 alias
1435 1421 1783 1502 reposcito;
1862 1441 2027 1485 nunc
2103 1422 2485 1485 auctoritate
2561 1424 2803 1487 veteris

294 1525 346 1565 14
387 1511 792 1595 imperatoris
859 1518 1192 1574 contentus
1258 1510 1443 1574 eriS.“
1515 1511 1825 1575 conticuit
1889 1510 2297 1574 adulescens:
2364 1510 2537 1574 haud
2603 1512 2803 1576 dubie

387 1600 609 1664 videre
671 1600 891 1681 aliqua
955 1600 1416 1682 impedimenta
1489 1620 1748 1682 pugnae
1824 1601 2169 1677 consulem,
2247 1619 2412 1680 quae
2480 1600 2605 1663 sibi
2671 1621 2801 1664 non

388 1700 790 1771 apparerent.

321 1792 343 1831 1
601 1778 936 1843 XXXVII.
978 1778 1236 1857 Paulus,
1276 1785 1614 1860 postquam
1667 1784 1906 1840 metata
1955 1786 2166 1841 castra
2213 1778 2801 1859 impedimentaque

390 1868 723 1932 conlocata
778 1867 1258 1949 animadvertit,
1327 1888 1408 1930 ex
1465 1873 1789 1948 postrema
1846 1867 1984 1930 acie
2042 1867 2299 1931 triarios
2354 1869 2595 1949 primos
2651 1870 2800 1932 sub-

325 1970 350 2009 2
390 1957 586 2035 ducit,
636 1957 873 2020 deinde
912 1956 1254 2038 principeS,
1303 1957 1626 2019 stantibus
1664 1956 1729 2018 in
1767 1957 1977 2038 prima
2016 1955 2154 2019 acie
2196 1956 2489 2030 hastatis,
2540 1958 2592 2021 si
2641 1958 2800 2038 quid

388 2047 589 2111 hostis
656 2054 963 2121 moveret,
1035 2054 1355 2128 postremo
1421 2044 1728 2123 hastatOS,
1804 2046 1884 2108 ab
1961 2044 2186 2108 dextro
2250 2046 2525 2127 primum
2601 2066 2799 2111 cornu

323 2146 348 2187 3
390 2137 787 2217 singulorum
843 2135 1157 2218 paulatim
1216 2136 1544 2215 signorum
1614 2135 1848 2198 milites
1915 2134 2316 2199 subtrahens.
2383 2136 2476 2199 ita
2544 2137 2798 2218 pedites

387 2226 711 2305 equitibus
768 2245 911 2288 cum
978 2225 1107 2289 levi
1172 2232 1496 2287 armatura
1566 2234 1712 2286 ante
1781 2224 1986 2287 aciem
2053 2224 2219 2288 hosti
2287 2224 2597 2307 oppositis
2655 2226 2798 2290 sine

383 2316 660 2379 tumultu
728 2314 1008 2388 abducti,
1077 2332 1193 2376 nec
1261 2319 1427 2392 ante,
1494 2333 1685 2394 quam
1746 2313 1954 2395 prima
2019 2314 2193 2377 frons
2262 2315 2415 2377 valli
2487 2335 2564 2378 ac
2619 2314 2797 2379 fossa

325 2413 350 2452 4
390 2404 697 2486 perducta
747 2411 859 2483 est,
908 2423 988 2466 ex
1028 2403 1300 2467 statione
1338 2402 1587 2482 equites
1626 2403 1915 2466 revocati
1962 2410 2122 2467 sunt.
2171 2423 2285 2465 rex
2333 2423 2602 2484 quoque,
2651 2426 2795 2469 cum

601 2741 645 2793 1.
687 2740 1564 2810 nehostemquiffldemludificatuS,
1604 2757 1743 2794 corr.
1778 2741 1996 2794 Gre'vier
2032 2743 2121 2804 (ne
2159 2740 2377 2793 hostem
2407 2740 2623 2807 pridem
2652 2740 2794 2794 ludi-

385 2830 609 2882 ficatum
641 2832 689 2883 I.
718 2830 787 2883 F.
824 2829 1153 2897 Gronovius,
1191 2831 1286 2882 sed
1325 2830 1393 2896 cf.
1433 2830 1754 2882 Hartelium
1783 2847 1845 2897 p.
1881 2831 2013 2896 55.).
2049 2831 2057 2894 Ι
2091 2830 2141 2881 2.
2173 2829 2442 2894 emittere,
2471 2844 2608 2881 corr.
2638 2828 2688 2880 I.
2719 2829 2792 2880 F.

388 2918 714 2972 Gronovius.
750 2919 757 2984 Ι
791 2919 840 2970 3.
882 2918 927 2971 si
969 2919 1097 2971 add.
1137 2920 1416 2986 Kreyssiy.
1460 2922 1467 2985 Ι
1508 2919 1733 2973 habeat.
1778 2920 1784 2986 Ι
1828 2919 2083 2972 maxime.
2118 2920 2125 2986 Ι
2168 2920 2219 2970 4.
2258 2917 2791 2971 macedoniaesitae-

383 3023 602 3075 sosque,
644 3008 1006 3061 Macedoniae
1046 3009 1116 3060 sit
1159 3013 1456 3075 aestasque
1495 3007 1731 3076 Madvig)
1757 3009 1880 3061 Em.
1911 3009 1979 3061 L.
2000 3024 2059 3074 p.
2098 3010 2215 3061 704
2256 3007 2345 3075 (cf.
2387 3007 2602 3059 Vahlen
2627 3007 2791 3060 acad.

378 3096 564 3149 Berol.
605 3099 796 3163 1889),
836 3097 1195 3150 Macedoniae
1236 3096 1309 3150 sit
1347 3096 1703 3165 inlaesusque
1751 3097 2131 3150 Weissenborn
2167 3099 2229 3148 in
2267 3096 2346 3148 ed.
2388 3095 2608 3163 Tenbn„
2639 3095 2792 3148 Har-

380 3186 451 3238 tel
490 3186 525 3237 l.
568 3186 601 3237 l.
642 3185 1048 3253 (Macedoniae,
1088 3187 1475 3254 exercitusque
1514 3186 1594 3239 ed.
1624 3187 1761 3238 Bas,
1791 3188 1977 3252 1531).
2013 3187 2020 3252 Ι
2054 3189 2339 3254 percastes
2374 3201 2550 3252 snpra
2585 3186 2791 3252 scripto

377 3275 432 3328 ll.
494 3276 501 3340 Ι
563 3275 612 3327 6.
661 3275 897 3342 parenti.
958 3278 964 3341 Ι
1028 3278 1074 3328 7.
1125 3275 1566 3344 hadgrediatiur.
1627 3277 1633 3342 Ι
1694 3277 1742 3327 8.
1791 3273 2347 3345 liberadlnossnitione.
2391 3277 2398 3341 Ι
2442 3275 2492 3326 9.
2539 3273 2784 3343 inquid}

378 3363 684 3435 nalsiquca.
736 3365 743 3431 Ι
799 3364 880 3416 10.
918 3365 1097 3417 multi.
1132 3381 1138 3430 Ι
1184 3365 1265 3417 11.
1305 3365 1605 3431 operaesit,
1646 3381 1783 3417 corr.
1823 3364 1873 3415 I.
1911 3362 1982 3416 F.
2027 3363 2354 3431 Gronovius,
2392 3363 2625 3430 Madvig]
2659 3361 2785 3415 Em.

377 3454 445 3506 L.
476 3472 536 3521 p.
583 3458 699 3507 705
741 3454 831 3522 (cf.
871 3471 1012 3519 quae
1050 3455 1290 3506 adiunxi
1326 3454 1388 3506 in
1426 3453 1508 3505 ed.
1540 3453 1598 3506 S.
1629 3454 1805 3505 Hilar
1831 3469 1953 3522 sup.
1988 3469 2070 3520 pa.
2102 3470 2161 3519 p.
2191 3452 2389 3521 XVI).
2425 3453 2432 3518 Ι
2470 3452 2550 3504 12.
2591 3457 2741 3505 tunc.
2776 3455 2783 3522 Ι

378 3543 976 3612 causisquihodieesse,
1016 3559 1154 3596 corr.
1194 3543 1272 3595 ed.
1311 3543 1449 3595 Bas.
1490 3546 1649 3594 1531.
1711 3543 1718 3609 Ι
1783 3543 1864 3595 13.
1912 3542 1984 3594 sit
2017 3541 2346 3608 <futurum>
2381 3543 2520 3595 coni.
2569 3540 2785 3593 Wesen-

378 3633 516 3700 bery.
569 3632 578 3702 Ι
633 3633 716 3684 14.
756 3636 1126 3699 contemptus.
1180 3634 1186 3700 Ι
1238 3631 1462 3685 dubiae.
1525 3633 1530 3697 Ι
1595 3633 1677 3684 15.
1716 3629 2200 3699 consulemqllsibi.
2252 3631 2259 3697 Ι
2315 3631 2399 3683 16.
2436 3630 2783 3697 appareret!

382 3722 463 3773 17.
503 3718 1753 3788 metatacontraimpedimentaquaellcolocata.
1790 3722 1796 3788 Ι
1834 3721 1916 3772 18.
1956 3724 2131 3776 actae.
2168 3718 2177 3785 Ι
2213 3720 2295 3771 19.
2335 3717 2781 3786 hastatisiquid.l

377 3809 465 3863 20.
504 3825 724 3863 cornus,
760 3812 767 3878 Ι
801 3810 885 3862 24.
926 3807 1529 3879 θΧεῒῑιῒὶοηθέΙξθᾳυίῐθε.
1564 3811 1570 3874 Ι

2840 1166 2898 1208 10

2839 1609 2892 1652 15

2837 2053 2890 2095 20
