3005 4257
1028 716 1124 825 L.
1207 716 1293 828 S.

452 968 855 1083 Asteriscus,
888 1024 1074 1086 quem
1115 1004 1359 1084 dicunt,
1398 1004 1467 1069 in
1506 1004 1695 1069 huius
1734 1005 1937 1087 partis
1976 1003 2395 1069 adnotatione
2425 1004 2652 1070 critica

241 1148 494 1211 semper
545 1129 678 1193 scre
726 1129 806 1194 iis
851 1130 1014 1194 locis
1062 1128 1322 1193 additus
1370 1136 1483 1210 est,
1533 1129 1613 1193 de
1658 1129 1890 1210 quibus
1928 1150 2129 1213 nuper
2166 1130 2232 1193 in
2272 1130 2433 1195 actis
2470 1130 2540 1197 O.
2576 1132 2650 1195 R.

244 1254 639 1319 Academiae
678 1253 1197 1319 Vindobonensis
1234 1253 1596 1319 accuratius
1636 1255 1963 1336 disputavi
2000 1254 2089 1339 (v.
2130 1255 2266 1320 Vol.
2304 1255 2654 1335 CXLVIII,

244 1379 341 1463 3);
392 1379 491 1444 bis
539 1380 785 1444 nomini
832 1379 1084 1443 Akrens
1130 1379 1470 1444 adiunctus
1517 1379 1762 1443 indicat
1809 1379 2232 1459 coniecturas,
2279 1399 2438 1461 quas
2485 1401 2544 1444 v.
2593 1380 2655 1444 d.

243 1504 790 1586 Aquisgranensis
845 1525 959 1587 per
1015 1506 1263 1569 litteras
1318 1510 1546 1586 sponte
1601 1523 1850 1568 mecum
1909 1504 2423 1568 communicavit.
2499 1504 2653 1569 Ubi-

251 1648 521 1711 cumque
582 1628 1086 1712 Wesenteryium
1132 1629 1604 1695 dissertationis
1650 1630 1835 1695 titulo
1884 1650 2011 1694 non
2058 1629 2280 1693 addito
2324 1629 2655 1694 laudatum

254 1754 597 1834 inveneris,
645 1757 725 1819 de
772 1756 854 1819 iis
902 1756 1280 1820 coniecturis
1329 1776 1568 1837 quaeso
1619 1756 1880 1837 cogites,
1927 1774 2087 1834 quas
2124 1776 2181 1818 v.
2220 1756 2296 1817 cl.
2336 1773 2656 1817 commen-

248 1878 449 1958 tariis,
503 1881 611 1960 qui
658 1879 999 1944 ‘Tidskrist
1052 1878 1150 1943 for
1207 1880 1522 1963 philologi
1580 1902 1663 1964 og
1709 1879 2652 1963 paedagogik'inscribuntur,

243 2003 515 2067 inseruit
564 2003 650 2087 (v.
698 2005 835 2069 Vol.
883 2004 995 2067 IX.
1044 2010 1108 2067 et
1156 2004 1287 2089 X.).
1331 2005 1626 2070 Ceterum
1678 2005 1892 2070 omnia
1939 2006 2088 2085 alia,
2138 2024 2302 2087 quae
2349 2004 2432 2069 de
2469 2005 2651 2087 siglis

249 2127 316 2189 in
387 2126 574 2194 huius
641 2128 906 2193 decadis
971 2137 1289 2212 apparatu
1354 2130 1664 2196 adhibitis
1726 2131 1793 2195 in
1859 2132 2066 2214 primo
2133 2130 2442 2196 fasciculo
2498 2128 2654 2207 dixi,

249 2233 448 2316 etiam
489 2275 655 2317 nunc
694 2255 930 2318 valent.
959 2255 1254 2336 Denique
1292 2257 1485 2339 paulo
1526 2257 1884 2321 uberiorem
1922 2258 2372 2321 nonnullarum
2411 2254 2653 2320 codicis

256 2377 531 2460 partium
591 2378 1104 2461 descriptionem,
1161 2361 1319 2461 quas
1376 2381 1633 2463 Iosephi
1698 2381 1810 2446 filii
1879 2382 2045 2447 curis
2111 2382 2439 2461 debemus,
2502 2379 2652 2443 huic

252 2522 503 2585 quoque
551 2503 1105 2587 praefatiunculae
1153 2507 1558 2571 subiunctam
1615 2506 1787 2572 haud
1844 2487 2166 2589 ingratam
2222 2505 2355 2572 fore
2411 2506 2653 2588 opinor.

464 2719 715 2784 Dabam
765 2719 1126 2804 Oeniponte
1175 2721 1268 2784 Id.
1318 2720 1492 2802 Sept.
1540 2721 2038 2787 MDCOCCIIII.

1621 3022 1979 3089 Antonius
2028 3023 2385 3103 Zingerle.
