<?xml version="1.0" encoding="UTF-8"?>
<!DOCTYPE html PUBLIC "-//W3C//DTD XHTML 1.0 Transitional//EN"
    "http://www.w3.org/TR/xhtml1/DTD/xhtml1-transitional.dtd">
<html xmlns="http://www.w3.org/1999/xhtml" xml:lang="en" lang="en">
 <head>
  <title>
</title>
<meta http-equiv="Content-Type" content="text/html;charset=utf-8" />
  <meta name='ocr-system' content='tesseract 3.04.00' />
  <meta name='ocr-capabilities' content='ocr_page ocr_carea ocr_par ocr_line ocrx_word'/>
</head>
<body>
  <div class='ocr_page' id='page_1' title='image "./tliviaburbecond01zinggoog_0119.png"; bbox 0 0 3005 4257; ppageno 0'>
   <div class='ocr_carea' id='block_1_1' title="bbox 774 193 2616 261">
    <p class='ocr_par' dir='ltr' id='par_1_1' title="bbox 774 193 2616 261">
     <span class='ocr_line' id='line_1_1' title="bbox 774 193 2616 261; baseline 0.007 -16"><span class='ocrx_word' id='word_1_1' title='bbox 774 194 998 248; x_wconf 90' lang='lat' dir='ltr'>LIBER</span> <span class='ocrx_word' id='word_1_2' title='bbox 1034 194 1226 247; x_wconf 89' lang='lat' dir='ltr'>XLIII.</span> <span class='ocrx_word' id='word_1_3' title='bbox 1267 194 1419 248; x_wconf 89' lang='lat' dir='ltr'><strong>CAP.</strong></span> <span class='ocrx_word' id='word_1_4' title='bbox 1458 197 1507 247; x_wconf 87' lang='lat'>8.</span> <span class='ocrx_word' id='word_1_5' title='bbox 1548 198 1595 248; x_wconf 91' lang='grc'>9.</span> <span class='ocrx_word' id='word_1_6' title='bbox 1637 193 1704 261; x_wconf 89' lang='lat' dir='ltr'>[a.</span> <span class='ocrx_word' id='word_1_7' title='bbox 1749 196 1811 249; x_wconf 90' lang='lat' dir='ltr'>U.</span> <span class='ocrx_word' id='word_1_8' title='bbox 1849 212 1896 248; x_wconf 86' lang='lat' dir='ltr'>c.</span> <span class='ocrx_word' id='word_1_9' title='bbox 1939 193 2062 260; x_wconf 82' lang='lat'>584]</span> <span class='ocrx_word' id='word_1_10' title='bbox 2541 195 2616 257; x_wconf 86' lang='lat' dir='ltr'>ll</span> 
     </span>
    </p>
   </div>
   <div class='ocr_carea' id='block_1_2' title="bbox 153 398 2676 1333">
    <p class='ocr_par' dir='ltr' id='par_1_2' title="bbox 230 398 2664 744">
     <span class='ocr_line' id='line_1_2' title="bbox 230 398 2625 482; baseline 0.002 -21"><span class='ocrx_word' id='word_1_11' title='bbox 230 404 436 463; x_wconf 92' lang='lat' dir='ltr'>torem</span> <span class='ocrx_word' id='word_1_12' title='bbox 483 398 742 463; x_wconf 87' lang='lat' dir='ltr'>daturos</span> <span class='ocrx_word' id='word_1_13' title='bbox 789 419 947 477; x_wconf 89' lang='lat' dir='ltr'>esse,</span> <span class='ocrx_word' id='word_1_14' title='bbox 995 420 1157 481; x_wconf 89' lang='lat' dir='ltr'>quae</span> <span class='ocrx_word' id='word_1_15' title='bbox 1211 400 1669 465; x_wconf 76' lang='lat' dir='ltr'>Chalcidenses</span> <span class='ocrx_word' id='word_1_16' title='bbox 1716 408 2058 482; x_wconf 78' lang='lat' dir='ltr'><strong>querantur</strong></span> <span class='ocrx_word' id='word_1_17' title='bbox 2101 409 2261 481; x_wconf 89' lang='lat' dir='ltr'>acta,</span> <span class='ocrx_word' id='word_1_18' title='bbox 2327 422 2403 465; x_wconf 90' lang='lat' dir='ltr'>ea</span> <span class='ocrx_word' id='word_1_19' title='bbox 2449 420 2625 466; x_wconf 88' lang='lat' dir='ltr'>sena-</span> 
     </span>
     <span class='ocr_line' id='line_1_3' title="bbox 231 486 2623 569; baseline 0.002 -20"><span class='ocrx_word' id='word_1_20' title='bbox 231 486 326 549; x_wconf 90' lang='lat' dir='ltr'>tui</span> <span class='ocrx_word' id='word_1_21' title='bbox 370 507 495 549; x_wconf 90' lang='lat' dir='ltr'>non</span> <span class='ocrx_word' id='word_1_22' title='bbox 557 487 844 569; x_wconf 82' lang='lat' dir='ltr'>placere3</span> <span class='ocrx_word' id='word_1_23' title='bbox 911 488 964 550; x_wconf 89' lang='lat' dir='ltr'>si</span> <span class='ocrx_word' id='word_1_24' title='bbox 1013 487 1117 568; x_wconf 92' lang='lat' dir='ltr'>qui</span> <span class='ocrx_word' id='word_1_25' title='bbox 1181 487 1242 549; x_wconf 87' lang='lat' dir='ltr'>in</span> <span class='ocrx_word' id='word_1_26' title='bbox 1313 488 1685 552; x_wconf 87' lang='lat' dir='ltr'>servitutem</span> <span class='ocrx_word' id='word_1_27' title='bbox 1746 488 1931 551; x_wconf 88' lang='lat' dir='ltr'>liberi</span> <span class='ocrx_word' id='word_1_28' title='bbox 1978 489 2316 566; x_wconf 86' lang='lat' dir='ltr'>venissent,</span> <span class='ocrx_word' id='word_1_29' title='bbox 2382 496 2450 551; x_wconf 90' lang='lat' dir='ltr'>ut</span> <span class='ocrx_word' id='word_1_30' title='bbox 2511 509 2623 553; x_wconf 90' lang='lat' dir='ltr'>eos</span> 
     </span>
     <span class='ocr_line' id='line_1_4' title="bbox 233 574 2664 658; baseline 0.003 -23"><span class='ocrx_word' id='word_1_31' title='bbox 233 574 699 657; x_wconf 75' lang='lat' dir='ltr'>conquirendos</span> <span class='ocrx_word' id='word_1_32' title='bbox 743 574 944 657; x_wconf 88' lang='lat' dir='ltr'>primo</span> <span class='ocrx_word' id='word_1_33' title='bbox 977 593 1227 656; x_wconf 93' lang='lat' dir='ltr'>quoque</span> <span class='ocrx_word' id='word_1_34' title='bbox 1259 582 1545 658; x_wconf 90' lang='lat' dir='ltr'>tempore</span> <span class='ocrx_word' id='word_1_35' title='bbox 1588 574 2141 656; x_wconf 76' lang='lat' dir='ltr'>restituendosque</span> <span class='ocrx_word' id='word_1_36' title='bbox 2173 575 2240 638; x_wconf 93' lang='lat' dir='ltr'>in</span> <span class='ocrx_word' id='word_1_37' title='bbox 2269 574 2624 639; x_wconf 86' lang='lat' dir='ltr'>libertatem</span> <span class='ocrx_word' id='word_1_38' title='bbox 2652 624 2664 643; x_wconf 92' lang='grc'><strong>.</strong></span> 
     </span>
     <span class='ocr_line' id='line_1_5' title="bbox 234 661 2618 744; baseline 0.001 -21"><span class='ocrx_word' id='word_1_39' title='bbox 234 668 515 742; x_wconf 79' lang='lat' dir='ltr'>curaret3</span> <span class='ocrx_word' id='word_1_40' title='bbox 588 661 899 724; x_wconf 89' lang='lat' dir='ltr'>sociorum</span> <span class='ocrx_word' id='word_1_41' title='bbox 978 662 1298 725; x_wconf 86' lang='lat' dir='ltr'>navalium</span> <span class='ocrx_word' id='word_1_42' title='bbox 1368 662 1702 742; x_wconf 86' lang='lat' dir='ltr'>neminem,</span> <span class='ocrx_word' id='word_1_43' title='bbox 1789 670 2043 744; x_wconf 83' lang='lat' dir='ltr'>praeter</span> <span class='ocrx_word' id='word_1_44' title='bbox 2111 662 2470 742; x_wconf 81' lang='lat' dir='ltr'>magistrOS‚</span> <span class='ocrx_word' id='word_1_45' title='bbox 2556 663 2618 726; x_wconf 90' lang='lat' dir='ltr'>in</span> 
     </span>
    </p>

    <p class='ocr_par' dir='ltr' id='par_1_3' title="bbox 153 747 2676 1179">
     <span class='ocr_line' id='line_1_6' title="bbox 153 747 2676 830; baseline 0.002 -21"><span class='ocrx_word' id='word_1_46' title='bbox 153 768 179 804; x_wconf 81' lang='lat'><strong>⁶</strong></span> <span class='ocrx_word' id='word_1_47' title='bbox 233 747 512 830; x_wconf 89' lang='lat' dir='ltr'>hospitia</span> <span class='ocrx_word' id='word_1_48' title='bbox 558 747 788 811; x_wconf 87' lang='lat' dir='ltr'>deduci</span> <span class='ocrx_word' id='word_1_49' title='bbox 834 768 1110 830; x_wconf 88' lang='lat' dir='ltr'>aequum</span> <span class='ocrx_word' id='word_1_50' title='bbox 1158 767 1441 813; x_wconf 86' lang='lat' dir='ltr'>censere.</span> <span class='ocrx_word' id='word_1_51' title='bbox 1511 749 1672 812; x_wconf 88' lang='lat' dir='ltr'>haec</span> <span class='ocrx_word' id='word_1_52' title='bbox 1720 749 2061 813; x_wconf 91' lang='lat' dir='ltr'>Hortensio</span> <span class='ocrx_word' id='word_1_53' title='bbox 2121 748 2299 813; x_wconf 89' lang='lat' dir='ltr'>iussu</span> <span class='ocrx_word' id='word_1_54' title='bbox 2361 757 2621 813; x_wconf 90' lang='lat' dir='ltr'>senatus</span> <span class='ocrx_word' id='word_1_55' title='bbox 2652 771 2676 806; x_wconf 82' lang='lat'>8</span> 
     </span>
     <span class='ocr_line' id='line_1_7' title="bbox 234 833 2625 917; baseline 0 -19"><span class='ocrx_word' id='word_1_56' title='bbox 234 834 489 917; x_wconf 88' lang='lat' dir='ltr'>scripta.</span> <span class='ocrx_word' id='word_1_57' title='bbox 563 855 826 899; x_wconf 92' lang='lat' dir='ltr'>munera</span> <span class='ocrx_word' id='word_1_58' title='bbox 870 835 1084 899; x_wconf 87' lang='lat' dir='ltr'>binum</span> <span class='ocrx_word' id='word_1_59' title='bbox 1139 836 1381 899; x_wconf 91' lang='lat' dir='ltr'>milium</span> <span class='ocrx_word' id='word_1_60' title='bbox 1428 837 1595 900; x_wconf 87' lang='lat' dir='ltr'>aeris</span> <span class='ocrx_word' id='word_1_61' title='bbox 1655 833 1884 917; x_wconf 83' lang='lat' dir='ltr'>legatis</span> <span class='ocrx_word' id='word_1_62' title='bbox 1944 836 2160 915; x_wconf 89' lang='lat' dir='ltr'>missa,</span> <span class='ocrx_word' id='word_1_63' title='bbox 2226 843 2288 898; x_wconf 91' lang='lat' dir='ltr'>et</span> <span class='ocrx_word' id='word_1_64' title='bbox 2332 835 2625 899; x_wconf 87' lang='lat' dir='ltr'>vehicula</span> 
     </span>
     <span class='ocr_line' id='line_1_8' title="bbox 233 921 2624 1005; baseline 0 -20"><span class='ocrx_word' id='word_1_65' title='bbox 233 921 613 1004; x_wconf 81' lang='lat' dir='ltr'>Micythioni</span> <span class='ocrx_word' id='word_1_66' title='bbox 663 921 914 1003; x_wconf 89' lang='lat' dir='ltr'>publice</span> <span class='ocrx_word' id='word_1_67' title='bbox 959 923 1186 1001; x_wconf 86' lang='lat' dir='ltr'>locata,</span> <span class='ocrx_word' id='word_1_68' title='bbox 1236 942 1399 1004; x_wconf 90' lang='lat' dir='ltr'>quae</span> <span class='ocrx_word' id='word_1_69' title='bbox 1447 943 1593 987; x_wconf 92' lang='lat' dir='ltr'>eum</span> <span class='ocrx_word' id='word_1_70' title='bbox 1639 921 2045 986; x_wconf 84' lang='lat' dir='ltr'>Brundisium</span> <span class='ocrx_word' id='word_1_71' title='bbox 2106 922 2435 986; x_wconf 90' lang='lat' dir='ltr'>commode</span> <span class='ocrx_word' id='word_1_72' title='bbox 2490 943 2624 1005; x_wconf 90' lang='lat' dir='ltr'>per-</span> 
     </span>
     <span class='ocr_line' id='line_1_9' title="bbox 232 1006 2676 1091; baseline -0.002 -19"><span class='ocrx_word' id='word_1_73' title='bbox 232 1008 557 1072; x_wconf 86' lang='lat' dir='ltr'>veherent.</span> <span class='ocrx_word' id='word_1_74' title='bbox 632 1006 698 1072; x_wconf 83' lang='lat' dir='ltr'>O.</span> <span class='ocrx_word' id='word_1_75' title='bbox 737 1009 1117 1089; x_wconf 91' lang='lat' dir='ltr'>Lucretium,</span> <span class='ocrx_word' id='word_1_76' title='bbox 1169 1010 1272 1072; x_wconf 90' lang='lat' dir='ltr'>ubi</span> <span class='ocrx_word' id='word_1_77' title='bbox 1306 1010 1461 1089; x_wconf 86' lang='lat' dir='ltr'>dies,</span> <span class='ocrx_word' id='word_1_78' title='bbox 1513 1029 1677 1091; x_wconf 90' lang='lat' dir='ltr'>quae</span> <span class='ocrx_word' id='word_1_79' title='bbox 1724 1009 1895 1073; x_wconf 87' lang='lat' dir='ltr'>dicta</span> <span class='ocrx_word' id='word_1_80' title='bbox 1943 1018 2094 1089; x_wconf 90' lang='lat' dir='ltr'>erat,</span> <span class='ocrx_word' id='word_1_81' title='bbox 2146 1009 2338 1089; x_wconf 87' lang='lat' dir='ltr'>venit,</span> <span class='ocrx_word' id='word_1_82' title='bbox 2389 1009 2625 1073; x_wconf 90' lang='lat' dir='ltr'>tribuni</span> <span class='ocrx_word' id='word_1_83' title='bbox 2654 1032 2676 1066; x_wconf 87' lang='lat'>9</span> 
     </span>
     <span class='ocr_line' id='line_1_10' title="bbox 234 1094 2624 1179; baseline 0.001 -21"><span class='ocrx_word' id='word_1_84' title='bbox 234 1094 320 1158; x_wconf 91' lang='lat' dir='ltr'>ad</span> <span class='ocrx_word' id='word_1_85' title='bbox 365 1095 667 1179; x_wconf 91' lang='lat' dir='ltr'>populum</span> <span class='ocrx_word' id='word_1_86' title='bbox 713 1104 1108 1175; x_wconf 86' lang='lat' dir='ltr'>accusarunt,</span> <span class='ocrx_word' id='word_1_87' title='bbox 1157 1097 1550 1177; x_wconf 84' lang='lat' dir='ltr'>multamque</span> <span class='ocrx_word' id='word_1_88' title='bbox 1590 1096 1850 1161; x_wconf 84' lang='lat' dir='ltr'>deciens</span> <span class='ocrx_word' id='word_1_89' title='bbox 1885 1104 2139 1160; x_wconf 89' lang='lat' dir='ltr'>centum</span> <span class='ocrx_word' id='word_1_90' title='bbox 2186 1095 2427 1160; x_wconf 87' lang='lat' dir='ltr'>milium</span> <span class='ocrx_word' id='word_1_91' title='bbox 2459 1097 2624 1160; x_wconf 87' lang='lat' dir='ltr'>aeris</span> 
     </span>
    </p>

    <p class='ocr_par' dir='ltr' id='par_1_4' title="bbox 155 1180 2624 1333">
     <span class='ocr_line' id='line_1_11' title="bbox 155 1180 2624 1265; baseline 0.003 -26"><span class='ocrx_word' id='word_1_92' title='bbox 155 1202 207 1239; x_wconf 84' lang='grc' dir='ltr'>ιο</span> <span class='ocrx_word' id='word_1_93' title='bbox 235 1180 554 1245; x_wconf 86' lang='lat' dir='ltr'>dixerunt.</span> <span class='ocrx_word' id='word_1_94' title='bbox 625 1182 898 1246; x_wconf 88' lang='lat' dir='ltr'>comitiis</span> <span class='ocrx_word' id='word_1_95' title='bbox 948 1182 1182 1246; x_wconf 83' lang='lat' dir='ltr'>habitis</span> <span class='ocrx_word' id='word_1_96' title='bbox 1216 1203 1449 1246; x_wconf 87' lang='lat' dir='ltr'>omnes</span> <span class='ocrx_word' id='word_1_97' title='bbox 1498 1184 1771 1265; x_wconf 90' lang='lat' dir='ltr'>quinque</span> <span class='ocrx_word' id='word_1_98' title='bbox 1820 1191 1883 1247; x_wconf 91' lang='lat' dir='ltr'>et</span> <span class='ocrx_word' id='word_1_99' title='bbox 1928 1183 2186 1265; x_wconf 86' lang='lat' dir='ltr'>triginta</span> <span class='ocrx_word' id='word_1_100' title='bbox 2232 1183 2433 1247; x_wconf 90' lang='lat' dir='ltr'>tribus</span> <span class='ocrx_word' id='word_1_101' title='bbox 2482 1203 2624 1246; x_wconf 91' lang='lat' dir='ltr'>eum</span> 
     </span>
     <span class='ocr_line' id='line_1_12' title="bbox 236 1268 751 1333; baseline 0 -1"><span class='ocrx_word' id='word_1_102' title='bbox 236 1268 751 1333; x_wconf 84' lang='lat' dir='ltr'>condemnarunt.</span> 
     </span>
    </p>
   </div>
   <div class='ocr_carea' id='block_1_3' title="bbox 159 1372 2678 1977">
    <p class='ocr_par' dir='ltr' id='par_1_5' title="bbox 235 1372 2678 1631">
     <span class='ocr_line' id='line_1_13' title="bbox 446 1372 2674 1456; baseline 0 -22"><span class='ocrx_word' id='word_1_103' title='bbox 446 1373 557 1435; x_wconf 90' lang='lat' dir='ltr'>IX.</span> <span class='ocrx_word' id='word_1_104' title='bbox 608 1372 685 1435; x_wconf 93' lang='lat' dir='ltr'>In</span> <span class='ocrx_word' id='word_1_105' title='bbox 735 1372 1076 1454; x_wconf 83' lang='lat' dir='ltr'>Liguribus</span> <span class='ocrx_word' id='word_1_106' title='bbox 1125 1393 1202 1436; x_wconf 94' lang='lat' dir='ltr'>eo</span> <span class='ocrx_word' id='word_1_107' title='bbox 1250 1396 1420 1435; x_wconf 8' lang='lat' dir='ltr'>(rinno</span> <span class='ocrx_word' id='word_1_108' title='bbox 1465 1373 1625 1436; x_wconf 90' lang='lat' dir='ltr'>nihil</span> <span class='ocrx_word' id='word_1_109' title='bbox 1670 1373 2079 1437; x_wconf 84' lang='lat' dir='ltr'>memorabile</span> <span class='ocrx_word' id='word_1_110' title='bbox 2139 1380 2406 1456; x_wconf 83' lang='lat' dir='ltr'>gestum.</span> <span class='ocrx_word' id='word_1_111' title='bbox 2480 1395 2674 1437; x_wconf 67' lang='lat' dir='ltr'>nami</span> 
     </span>
     <span class='ocr_line' id='line_1_14' title="bbox 235 1458 2626 1543; baseline 0 -21"><span class='ocrx_word' id='word_1_112' title='bbox 235 1479 354 1522; x_wconf 87' lang='lat' dir='ltr'>nec</span> <span class='ocrx_word' id='word_1_113' title='bbox 404 1458 620 1523; x_wconf 90' lang='lat' dir='ltr'>hostes</span> <span class='ocrx_word' id='word_1_114' title='bbox 664 1468 994 1524; x_wconf 86' lang='lat' dir='ltr'>moverunt</span> <span class='ocrx_word' id='word_1_115' title='bbox 1040 1481 1234 1539; x_wconf 87' lang='lat' dir='ltr'>arma,</span> <span class='ocrx_word' id='word_1_116' title='bbox 1286 1481 1491 1541; x_wconf 89' lang='lat' dir='ltr'>neque</span> <span class='ocrx_word' id='word_1_117' title='bbox 1540 1462 1760 1524; x_wconf 89' lang='lat' dir='ltr'>consul</span> <span class='ocrx_word' id='word_1_118' title='bbox 1809 1461 1870 1524; x_wconf 91' lang='lat' dir='ltr'>in</span> <span class='ocrx_word' id='word_1_119' title='bbox 1930 1481 2155 1543; x_wconf 87' lang='lat' dir='ltr'>agrum</span> <span class='ocrx_word' id='word_1_120' title='bbox 2201 1481 2417 1523; x_wconf 91' lang='lat' dir='ltr'>eorum</span> <span class='ocrx_word' id='word_1_121' title='bbox 2479 1460 2626 1541; x_wconf 82' lang='lat' dir='ltr'>legi·</span> 
     </span>
     <span class='ocr_line' id='line_1_15' title="bbox 237 1546 2678 1631; baseline 0 -22"><span class='ocrx_word' id='word_1_122' title='bbox 237 1565 390 1609; x_wconf 91' lang='lat' dir='ltr'>ones</span> <span class='ocrx_word' id='word_1_123' title='bbox 435 1546 711 1629; x_wconf 80' lang='lat' dir='ltr'>induxit3</span> <span class='ocrx_word' id='word_1_124' title='bbox 765 1554 844 1626; x_wconf 89' lang='lat' dir='ltr'>et,</span> <span class='ocrx_word' id='word_1_125' title='bbox 895 1546 1050 1610; x_wconf 91' lang='lat' dir='ltr'>satis</span> <span class='ocrx_word' id='word_1_126' title='bbox 1099 1548 1428 1631; x_wconf 78' lang='lat' dir='ltr'>explorata</span> <span class='ocrx_word' id='word_1_127' title='bbox 1473 1568 1633 1630; x_wconf 89' lang='lat' dir='ltr'>pace</span> <span class='ocrx_word' id='word_1_128' title='bbox 1681 1547 1817 1611; x_wconf 92' lang='lat' dir='ltr'>eius</span> <span class='ocrx_word' id='word_1_129' title='bbox 1867 1548 2033 1626; x_wconf 88' lang='lat' dir='ltr'>anni,</span> <span class='ocrx_word' id='word_1_130' title='bbox 2073 1547 2308 1611; x_wconf 88' lang='lat' dir='ltr'>milites</span> <span class='ocrx_word' id='word_1_131' title='bbox 2358 1546 2625 1610; x_wconf 91' lang='lat' dir='ltr'>duarum</span> <span class='ocrx_word' id='word_1_132' title='bbox 2653 1573 2678 1610; x_wconf 78' lang='lat'>2</span> 
     </span>
    </p>

    <p class='ocr_par' dir='ltr' id='par_1_6' title="bbox 159 1632 2678 1977">
     <span class='ocr_line' id='line_1_16' title="bbox 159 1632 2627 1717; baseline 0 -21"><span class='ocrx_word' id='word_1_133' title='bbox 159 1650 208 1688; x_wconf 78' lang='lat'>1⁵</span> <span class='ocrx_word' id='word_1_134' title='bbox 237 1632 564 1715; x_wconf 84' lang='lat' dir='ltr'>legionum</span> <span class='ocrx_word' id='word_1_135' title='bbox 614 1634 1033 1698; x_wconf 88' lang='lat' dir='ltr'>Romanarum</span> <span class='ocrx_word' id='word_1_136' title='bbox 1082 1633 1247 1697; x_wconf 83' lang='lat' dir='ltr'>intra</span> <span class='ocrx_word' id='word_1_137' title='bbox 1293 1635 1428 1698; x_wconf 86' lang='lat' dir='ltr'>dies</span> <span class='ocrx_word' id='word_1_138' title='bbox 1476 1634 1831 1713; x_wconf 78' lang='lat' dir='ltr'>sexaginta,</span> <span class='ocrx_word' id='word_1_139' title='bbox 1881 1655 2070 1715; x_wconf 85' lang='lat' dir='ltr'>quam</span> <span class='ocrx_word' id='word_1_140' title='bbox 2116 1634 2181 1696; x_wconf 90' lang='lat' dir='ltr'>in</span> <span class='ocrx_word' id='word_1_141' title='bbox 2235 1634 2627 1717; x_wconf 81' lang='lat' dir='ltr'>provinciam</span> 
     </span>
     <span class='ocr_line' id='line_1_17' title="bbox 235 1719 2678 1798; baseline 0 -16"><span class='ocrx_word' id='word_1_142' title='bbox 235 1720 429 1798; x_wconf 88' lang='lat' dir='ltr'>venit,</span> <span class='ocrx_word' id='word_1_143' title='bbox 464 1719 719 1784; x_wconf 88' lang='lat' dir='ltr'>dimisit.</span> <span class='ocrx_word' id='word_1_144' title='bbox 791 1722 1102 1785; x_wconf 86' lang='lat' dir='ltr'>sociorum</span> <span class='ocrx_word' id='word_1_145' title='bbox 1137 1721 1405 1784; x_wconf 87' lang='lat' dir='ltr'>nominis</span> <span class='ocrx_word' id='word_1_146' title='bbox 1437 1721 1646 1784; x_wconf 88' lang='lat' dir='ltr'>Latini</span> <span class='ocrx_word' id='word_1_147' title='bbox 1679 1721 1960 1785; x_wconf 87' lang='lat' dir='ltr'>exercitu</span> <span class='ocrx_word' id='word_1_148' title='bbox 1992 1727 2234 1785; x_wconf 87' lang='lat' dir='ltr'>mature</span> <span class='ocrx_word' id='word_1_149' title='bbox 2267 1721 2329 1782; x_wconf 93' lang='lat' dir='ltr'>in</span> <span class='ocrx_word' id='word_1_150' title='bbox 2363 1720 2628 1784; x_wconf 87' lang='lat' dir='ltr'>hiberna</span> <span class='ocrx_word' id='word_1_151' title='bbox 2655 1748 2678 1782; x_wconf 92' lang='lat'><strong>3</strong></span> 
     </span>
     <span class='ocr_line' id='line_1_18' title="bbox 236 1807 2627 1891; baseline 0.001 -22"><span class='ocrx_word' id='word_1_152' title='bbox 236 1807 479 1870; x_wconf 88' lang='lat' dir='ltr'>Lunam</span> <span class='ocrx_word' id='word_1_153' title='bbox 526 1811 589 1870; x_wconf 89' lang='lat' dir='ltr'>et</span> <span class='ocrx_word' id='word_1_154' title='bbox 634 1808 814 1871; x_wconf 85' lang='lat' dir='ltr'>Pisas</span> <span class='ocrx_word' id='word_1_155' title='bbox 862 1807 1136 1871; x_wconf 84' lang='lat' dir='ltr'>deducto</span> <span class='ocrx_word' id='word_1_156' title='bbox 1205 1808 1342 1891; x_wconf 89' lang='lat' dir='ltr'>ipse</span> <span class='ocrx_word' id='word_1_157' title='bbox 1390 1829 1533 1872; x_wconf 92' lang='lat' dir='ltr'>cum</span> <span class='ocrx_word' id='word_1_158' title='bbox 1595 1808 1911 1889; x_wconf 89' lang='lat' dir='ltr'>equitibus</span> <span class='ocrx_word' id='word_1_159' title='bbox 1959 1807 2203 1871; x_wconf 81' lang='lat' dir='ltr'>Galliae</span> <span class='ocrx_word' id='word_1_160' title='bbox 2264 1808 2627 1891; x_wconf 86' lang='lat' dir='ltr'>provinciae</span> 
     </span>
     <span class='ocr_line' id='line_1_19' title="bbox 236 1894 1050 1977; baseline 0.002 -21"><span class='ocrx_word' id='word_1_161' title='bbox 236 1894 542 1977; x_wconf 86' lang='lat' dir='ltr'>pleraque</span> <span class='ocrx_word' id='word_1_162' title='bbox 589 1894 828 1977; x_wconf 86' lang='lat' dir='ltr'>oppida</span> <span class='ocrx_word' id='word_1_163' title='bbox 873 1895 1050 1958; x_wconf 85' lang='lat' dir='ltr'>adiit.</span> 
     </span>
    </p>
   </div>
   <div class='ocr_carea' id='block_1_4' title="bbox 156 1998 2681 2691">
    <p class='ocr_par' dir='ltr' id='par_1_7' title="bbox 446 1998 2676 2080">
     <span class='ocr_line' id='line_1_20' title="bbox 446 1998 2676 2080; baseline 0 -20"><span class='ocrx_word' id='word_1_164' title='bbox 446 1998 774 2079; x_wconf 85' lang='lat' dir='ltr'>Nusquam</span> <span class='ocrx_word' id='word_1_165' title='bbox 822 1999 971 2062; x_wconf 90' lang='lat' dir='ltr'>alibi</span> <span class='ocrx_word' id='word_1_166' title='bbox 1008 2020 1199 2080; x_wconf 91' lang='lat' dir='ltr'>quam</span> <span class='ocrx_word' id='word_1_167' title='bbox 1245 1998 1307 2061; x_wconf 92' lang='lat' dir='ltr'>in</span> <span class='ocrx_word' id='word_1_168' title='bbox 1345 1998 1718 2062; x_wconf 85' lang='lat' dir='ltr'>Macedonia</span> <span class='ocrx_word' id='word_1_169' title='bbox 1764 1999 2000 2061; x_wconf 92' lang='lat' dir='ltr'>bellum</span> <span class='ocrx_word' id='word_1_170' title='bbox 2046 2005 2197 2061; x_wconf 87' lang='lat' dir='ltr'>erat.</span> <span class='ocrx_word' id='word_1_171' title='bbox 2263 2004 2625 2080; x_wconf 89' lang='lat' dir='ltr'>suspectum</span> <span class='ocrx_word' id='word_1_172' title='bbox 2655 2026 2676 2059; x_wconf 84' lang='lat'>4</span> 
     </span>
    </p>

    <p class='ocr_par' dir='ltr' id='par_1_8' title="bbox 156 2085 2681 2691">
     <span class='ocr_line' id='line_1_21' title="bbox 157 2085 2679 2168; baseline 0.001 -21"><span class='ocrx_word' id='word_1_173' title='bbox 157 2100 208 2138; x_wconf 82' lang='lat'>20</span> <span class='ocrx_word' id='word_1_174' title='bbox 238 2090 451 2148; x_wconf 88' lang='lat' dir='ltr'>tamen</span> <span class='ocrx_word' id='word_1_175' title='bbox 484 2085 798 2165; x_wconf 80' lang='lat' dir='ltr'>Gentium,</span> <span class='ocrx_word' id='word_1_176' title='bbox 834 2086 1192 2168; x_wconf 80' lang='lat' dir='ltr'>lllyriorum</span> <span class='ocrx_word' id='word_1_177' title='bbox 1225 2106 1459 2168; x_wconf 83' lang='lat' dir='ltr'>regem,</span> <span class='ocrx_word' id='word_1_178' title='bbox 1489 2085 1829 2150; x_wconf 88' lang='lat' dir='ltr'>habebant.</span> <span class='ocrx_word' id='word_1_179' title='bbox 1901 2085 2117 2165; x_wconf 88' lang='lat' dir='ltr'>itaque</span> <span class='ocrx_word' id='word_1_180' title='bbox 2149 2092 2210 2149; x_wconf 86' lang='lat' dir='ltr'>et</span> <span class='ocrx_word' id='word_1_181' title='bbox 2242 2093 2384 2149; x_wconf 90' lang='lat' dir='ltr'>octo</span> <span class='ocrx_word' id='word_1_182' title='bbox 2431 2104 2627 2149; x_wconf 88' lang='lat' dir='ltr'>naves</span> <span class='ocrx_word' id='word_1_183' title='bbox 2656 2110 2679 2148; x_wconf 82' lang='lat'>5</span> 
     </span>
     <span class='ocr_line' id='line_1_22' title="bbox 239 2171 2626 2237; baseline 0 -3"><span class='ocrx_word' id='word_1_184' title='bbox 239 2178 493 2236; x_wconf 86' lang='lat' dir='ltr'>ornatas</span> <span class='ocrx_word' id='word_1_185' title='bbox 561 2194 600 2235; x_wconf 90' lang='lat' dir='ltr'>a</span> <span class='ocrx_word' id='word_1_186' title='bbox 652 2173 986 2236; x_wconf 87' lang='lat' dir='ltr'>Brundisio</span> <span class='ocrx_word' id='word_1_187' title='bbox 1057 2180 1314 2236; x_wconf 89' lang='lat' dir='ltr'>senatus</span> <span class='ocrx_word' id='word_1_188' title='bbox 1383 2173 1626 2237; x_wconf 88' lang='lat' dir='ltr'>censuit</span> <span class='ocrx_word' id='word_1_189' title='bbox 1694 2173 2031 2237; x_wconf 88' lang='lat' dir='ltr'>mittendas</span> <span class='ocrx_word' id='word_1_190' title='bbox 2100 2172 2182 2235; x_wconf 89' lang='lat' dir='ltr'>ad</span> <span class='ocrx_word' id='word_1_191' title='bbox 2245 2171 2314 2235; x_wconf 81' lang='lat' dir='ltr'>O.</span> <span class='ocrx_word' id='word_1_192' title='bbox 2369 2173 2626 2236; x_wconf 86' lang='lat' dir='ltr'>Furium</span> 
     </span>
     <span class='ocr_line' id='line_1_23' title="bbox 239 2258 2628 2344; baseline 0 -23"><span class='ocrx_word' id='word_1_193' title='bbox 239 2258 525 2339; x_wconf 84' lang='lat' dir='ltr'>legatum</span> <span class='ocrx_word' id='word_1_194' title='bbox 572 2260 795 2341; x_wconf 85' lang='lat' dir='ltr'>Issam,</span> <span class='ocrx_word' id='word_1_195' title='bbox 870 2261 1167 2342; x_wconf 83' lang='lat' dir='ltr'>quicum</span> <span class='ocrx_word' id='word_1_196' title='bbox 1236 2259 1560 2344; x_wconf 89' lang='lat' dir='ltr'>praesidio</span> <span class='ocrx_word' id='word_1_197' title='bbox 1630 2260 1894 2323; x_wconf 90' lang='lat' dir='ltr'>duarum</span> <span class='ocrx_word' id='word_1_198' title='bbox 1950 2259 2301 2324; x_wconf 88' lang='lat' dir='ltr'>Issensium</span> <span class='ocrx_word' id='word_1_199' title='bbox 2369 2259 2628 2322; x_wconf 88' lang='lat' dir='ltr'>navium</span> 
     </span>
     <span class='ocr_line' id='line_1_24' title="bbox 239 2345 2681 2429; baseline 0.001 -22"><span class='ocrx_word' id='word_1_200' title='bbox 239 2345 487 2409; x_wconf 89' lang='lat' dir='ltr'>insulae</span> <span class='ocrx_word' id='word_1_201' title='bbox 536 2354 859 2429; x_wconf 82' lang='lat' dir='ltr'>praeerat3</span> <span class='ocrx_word' id='word_1_202' title='bbox 905 2346 1029 2411; x_wconf 91' lang='lat' dir='ltr'>duo</span> <span class='ocrx_word' id='word_1_203' title='bbox 1076 2347 1255 2410; x_wconf 92' lang='lat' dir='ltr'>milia</span> <span class='ocrx_word' id='word_1_204' title='bbox 1299 2347 1573 2410; x_wconf 89' lang='lat' dir='ltr'>militum</span> <span class='ocrx_word' id='word_1_205' title='bbox 1622 2347 1683 2410; x_wconf 93' lang='lat' dir='ltr'>in</span> <span class='ocrx_word' id='word_1_206' title='bbox 1731 2366 1841 2411; x_wconf 89' lang='lat' dir='ltr'>eas</span> <span class='ocrx_word' id='word_1_207' title='bbox 1886 2366 2084 2410; x_wconf 90' lang='lat' dir='ltr'>naves</span> <span class='ocrx_word' id='word_1_208' title='bbox 2124 2354 2271 2410; x_wconf 91' lang='lat' dir='ltr'>sunt</span> <span class='ocrx_word' id='word_1_209' title='bbox 2331 2346 2628 2429; x_wconf 87' lang='lat' dir='ltr'>inposita,</span> <span class='ocrx_word' id='word_1_210' title='bbox 2658 2373 2681 2410; x_wconf 87' lang='lat'>6</span> 
     </span>
     <span class='ocr_line' id='line_1_25' title="bbox 240 2429 2628 2517; baseline 0.001 -23"><span class='ocrx_word' id='word_1_211' title='bbox 240 2452 407 2514; x_wconf 89' lang='lat' dir='ltr'>quae</span> <span class='ocrx_word' id='word_1_212' title='bbox 457 2433 537 2495; x_wconf 91' lang='lat' dir='ltr'>M.</span> <span class='ocrx_word' id='word_1_213' title='bbox 572 2434 844 2498; x_wconf 81' lang='lat' dir='ltr'>Raecius</span> <span class='ocrx_word' id='word_1_214' title='bbox 890 2442 1145 2517; x_wconf 87' lang='lat' dir='ltr'>praetor</span> <span class='ocrx_word' id='word_1_215' title='bbox 1177 2454 1255 2497; x_wconf 83' lang='lat' dir='ltr'>ex</span> <span class='ocrx_word' id='word_1_216' title='bbox 1303 2441 1562 2498; x_wconf 91' lang='lat' dir='ltr'>senatus</span> <span class='ocrx_word' id='word_1_217' title='bbox 1611 2434 1898 2497; x_wconf 90' lang='lat' dir='ltr'>consulto</span> <span class='ocrx_word' id='word_1_218' title='bbox 1930 2429 1995 2496; x_wconf 92' lang='lat' dir='ltr'>in</span> <span class='ocrx_word' id='word_1_219' title='bbox 2041 2454 2119 2497; x_wconf 92' lang='lat' dir='ltr'>ea</span> <span class='ocrx_word' id='word_1_220' title='bbox 2163 2441 2346 2515; x_wconf 86' lang='lat' dir='ltr'>parte</span> <span class='ocrx_word' id='word_1_221' title='bbox 2378 2433 2628 2513; x_wconf 87' lang='lat' dir='ltr'>Italiae,</span> 
     </span>
     <span class='ocr_line' id='line_1_26' title="bbox 156 2520 2627 2604; baseline 0.001 -23"><span class='ocrx_word' id='word_1_222' title='bbox 156 2536 209 2573; x_wconf 82' lang='lat'>25</span> <span class='ocrx_word' id='word_1_223' title='bbox 242 2538 409 2599; x_wconf 90' lang='lat' dir='ltr'>quae</span> <span class='ocrx_word' id='word_1_224' title='bbox 455 2520 707 2584; x_wconf 88' lang='lat' dir='ltr'>obiecta</span> <span class='ocrx_word' id='word_1_225' title='bbox 751 2521 1009 2602; x_wconf 86' lang='lat' dir='ltr'>Illyrico</span> <span class='ocrx_word' id='word_1_226' title='bbox 1072 2528 1191 2600; x_wconf 88' lang='lat' dir='ltr'>est,</span> <span class='ocrx_word' id='word_1_227' title='bbox 1254 2520 1670 2604; x_wconf 87' lang='lat' dir='ltr'>conscripsit;</span> <span class='ocrx_word' id='word_1_228' title='bbox 1743 2527 1807 2584; x_wconf 92' lang='lat' dir='ltr'>et</span> <span class='ocrx_word' id='word_1_229' title='bbox 1868 2521 2089 2584; x_wconf 88' lang='lat' dir='ltr'>consul</span> <span class='ocrx_word' id='word_1_230' title='bbox 2134 2521 2447 2585; x_wconf 88' lang='lat' dir='ltr'>Hostilius</span> <span class='ocrx_word' id='word_1_231' title='bbox 2508 2521 2627 2604; x_wconf 88' lang='lat' dir='ltr'>Ap.</span> 
     </span>
     <span class='ocr_line' id='line_1_27' title="bbox 241 2604 2627 2691; baseline 0 -22"><span class='ocrx_word' id='word_1_232' title='bbox 241 2606 579 2669; x_wconf 85' lang='lat' dir='ltr'>Claudium</span> <span class='ocrx_word' id='word_1_233' title='bbox 647 2607 711 2670; x_wconf 92' lang='lat' dir='ltr'>in</span> <span class='ocrx_word' id='word_1_234' title='bbox 780 2608 1110 2690; x_wconf 89' lang='lat' dir='ltr'>Illyricum</span> <span class='ocrx_word' id='word_1_235' title='bbox 1182 2631 1328 2670; x_wconf 84' lang='lat' dir='ltr'>cum</span> <span class='ocrx_word' id='word_1_236' title='bbox 1384 2615 1685 2689; x_wconf 92' lang='lat' dir='ltr'>quattuor</span> <span class='ocrx_word' id='word_1_237' title='bbox 1753 2604 2011 2671; x_wconf 86' lang='lat' dir='ltr'>milibus</span> <span class='ocrx_word' id='word_1_238' title='bbox 2079 2608 2366 2691; x_wconf 89' lang='lat' dir='ltr'>peditum</span> <span class='ocrx_word' id='word_1_239' title='bbox 2437 2607 2627 2688; x_wconf 86' lang='lat' dir='ltr'>misit,</span> 
     </span>
    </p>
   </div>
   <div class='ocr_carea' id='block_1_5' title="bbox 460 2749 657 2757">
    <p class='ocr_par' dir='ltr' id='par_1_9' title="bbox 460 2749 657 2757">
     <span class='ocr_line' id='line_1_28' title="bbox 460 2749 657 2757; baseline 0 0"><span class='ocrx_word' id='word_1_240' title='bbox 460 2749 657 2757; x_wconf 95' lang='lat' dir='ltr'> </span> 
     </span>
    </p>
   </div>
   <div class='ocr_carea' id='block_1_6' title="bbox 239 2752 443 2760">
    <p class='ocr_par' dir='ltr' id='par_1_10' title="bbox 239 2752 443 2760">
     <span class='ocr_line' id='line_1_29' title="bbox 239 2752 443 2760; baseline 0 1497"><span class='ocrx_word' id='word_1_241' title='bbox 239 2752 443 2760; x_wconf 95' lang='lat' dir='ltr'> </span> 
     </span>
    </p>
   </div>
   <div class='ocr_carea' id='block_1_7' title="bbox 236 2795 2632 3764">
    <p class='ocr_par' dir='ltr' id='par_1_11' title="bbox 236 2795 2632 3764">
     <span class='ocr_line' id='line_1_30' title="bbox 454 2795 2629 2866; baseline 0 -15"><span class='ocrx_word' id='word_1_242' title='bbox 454 2804 496 2852; x_wconf 92' lang='lat'>1.</span> <span class='ocrx_word' id='word_1_243' title='bbox 519 2799 1142 2866; x_wconf 86' lang='lat' dir='ltr'>calchidensesquaeran</span> <span class='ocrx_word' id='word_1_244' title='bbox 1168 2800 1188 2860; x_wconf 91' lang='grc' dir='ltr'>ΙΙ</span> <span class='ocrx_word' id='word_1_245' title='bbox 1215 2803 1325 2852; x_wconf 86' lang='lat' dir='ltr'>tur.</span> <span class='ocrx_word' id='word_1_246' title='bbox 1350 2795 1356 2864; x_wconf 96' lang='grc' dir='ltr'>Ι</span> <span class='ocrx_word' id='word_1_247' title='bbox 1381 2801 1428 2851; x_wconf 92' lang='grc'>2.</span> <span class='ocrx_word' id='word_1_248' title='bbox 1450 2798 2126 2864; x_wconf 88' lang='lat' dir='ltr'>uteosconprimoquoque</span> <span class='ocrx_word' id='word_1_249' title='bbox 2145 2804 2331 2866; x_wconf 84' lang='lat' dir='ltr'>tempo</span> <span class='ocrx_word' id='word_1_250' title='bbox 2356 2801 2377 2860; x_wconf 94' lang='grc' dir='ltr'>ΙΙ</span> <span class='ocrx_word' id='word_1_251' title='bbox 2403 2817 2479 2865; x_wconf 88' lang='lat' dir='ltr'>re,</span> <span class='ocrx_word' id='word_1_252' title='bbox 2494 2817 2629 2852; x_wconf 84' lang='lat' dir='ltr'>corr.</span> 
     </span>
     <span class='ocr_line' id='line_1_31' title="bbox 239 2885 2631 2962; baseline 0 -23"><span class='ocrx_word' id='word_1_253' title='bbox 239 2890 316 2939; x_wconf 81' lang='lat' dir='ltr'>ed.</span> <span class='ocrx_word' id='word_1_254' title='bbox 354 2887 480 2938; x_wconf 81' lang='lat' dir='ltr'>Bas.</span> <span class='ocrx_word' id='word_1_255' title='bbox 520 2885 667 2938; x_wconf 79' lang='grc'><em>1531</em></span> <span class='ocrx_word' id='word_1_256' title='bbox 707 2885 803 2954; x_wconf 84' lang='lat' dir='ltr'>(cf.</span> <span class='ocrx_word' id='word_1_257' title='bbox 841 2905 955 2955; x_wconf 74' lang='lat' dir='ltr'>cap.</span> <span class='ocrx_word' id='word_1_258' title='bbox 995 2886 1044 2951; x_wconf 72' lang='lat'>4,</span> <span class='ocrx_word' id='word_1_259' title='bbox 1086 2885 1203 2951; x_wconf 83' lang='lat'>13),</span> <span class='ocrx_word' id='word_1_260' title='bbox 1243 2892 1305 2939; x_wconf 87' lang='lat' dir='ltr'>ut</span> <span class='ocrx_word' id='word_1_261' title='bbox 1345 2903 1437 2940; x_wconf 88' lang='lat' dir='ltr'>eos</span> <span class='ocrx_word' id='word_1_262' title='bbox 1473 2886 1657 2952; x_wconf 87' lang='lat' dir='ltr'>primo</span> <span class='ocrx_word' id='word_1_263' title='bbox 1694 2903 1913 2953; x_wconf 88' lang='lat' dir='ltr'>quoque</span> <span class='ocrx_word' id='word_1_264' title='bbox 1940 2892 2194 2954; x_wconf 88' lang='lat' dir='ltr'>tempore</span> <span class='ocrx_word' id='word_1_265' title='bbox 2221 2885 2631 2962; x_wconf 81' lang='lat' dir='ltr'>conquirendos</span> 
     </span>
     <span class='ocr_line' id='line_1_32' title="bbox 240 2966 2632 3052; baseline -0.001 -18"><span class='ocrx_word' id='word_1_266' title='bbox 240 2983 506 3052; x_wconf 73' lang='lat' dir='ltr'>Kreyssiy.</span> <span class='ocrx_word' id='word_1_267' title='bbox 538 2980 546 3045; x_wconf 92' lang='grc' dir='ltr'>Ι</span> <span class='ocrx_word' id='word_1_268' title='bbox 580 2986 627 3036; x_wconf 90' lang='grc'>6.</span> <span class='ocrx_word' id='word_1_269' title='bbox 652 2982 907 3034; x_wconf 87' lang='lat' dir='ltr'>millium.</span> <span class='ocrx_word' id='word_1_270' title='bbox 940 2981 950 3046; x_wconf 97' lang='grc' dir='ltr'>Ι</span> <span class='ocrx_word' id='word_1_271' title='bbox 982 2986 1029 3035; x_wconf 93' lang='grc'>7.</span> <span class='ocrx_word' id='word_1_272' title='bbox 1068 2982 1292 3035; x_wconf 87' lang='lat' dir='ltr'>micioni</span> <span class='ocrx_word' id='word_1_273' title='bbox 1327 2981 1422 3047; x_wconf 77' lang='lat' dir='ltr'>(cf,</span> <span class='ocrx_word' id='word_1_274' title='bbox 1450 3000 1564 3051; x_wconf 76' lang='lat' dir='ltr'>cap.</span> <span class='ocrx_word' id='word_1_275' title='bbox 1593 2981 1638 3045; x_wconf 87' lang='lat'>7,</span> <span class='ocrx_word' id='word_1_276' title='bbox 1665 2981 1747 3043; x_wconf 87' lang='grc'>5.)</span> <span class='ocrx_word' id='word_1_277' title='bbox 1795 2979 1802 3046; x_wconf 92' lang='grc' dir='ltr'>Ι</span> <span class='ocrx_word' id='word_1_278' title='bbox 1844 2981 2116 3049; x_wconf 88' lang='lat' dir='ltr'>publicae.</span> <span class='ocrx_word' id='word_1_279' title='bbox 2164 2979 2172 3046; x_wconf 91' lang='grc' dir='ltr'>Ι</span> <span class='ocrx_word' id='word_1_280' title='bbox 2220 2966 2361 3047; x_wconf 66' lang='lat' dir='ltr'>quae</span> <span class='ocrx_word' id='word_1_281' title='bbox 2398 2981 2439 3044; x_wconf 83' lang='lat' dir='ltr'>(i</span> <span class='ocrx_word' id='word_1_282' title='bbox 2467 2999 2632 3050; x_wconf 83' lang='lat' dir='ltr'>supra</span> 
     </span>
     <span class='ocr_line' id='line_1_33' title="bbox 236 3067 2630 3138; baseline 0 -16"><span class='ocrx_word' id='word_1_283' title='bbox 236 3071 490 3138; x_wconf 81' lang='lat' dir='ltr'>scriptum</span> <span class='ocrx_word' id='word_1_284' title='bbox 508 3069 631 3132; x_wconf 78' lang='lat' dir='ltr'>dcl.)</span> <span class='ocrx_word' id='word_1_285' title='bbox 666 3067 675 3135; x_wconf 94' lang='grc' dir='ltr'>Ι</span> <span class='ocrx_word' id='word_1_286' title='bbox 713 3073 791 3121; x_wconf 91' lang='grc'>10.</span> <span class='ocrx_word' id='word_1_287' title='bbox 820 3073 876 3122; x_wconf 86' lang='lat' dir='ltr'>et</span> <span class='ocrx_word' id='word_1_288' title='bbox 904 3070 1101 3122; x_wconf 86' lang='lat' dir='ltr'>·XXX.</span> <span class='ocrx_word' id='word_1_289' title='bbox 1130 3070 1257 3122; x_wconf 84' lang='lat' dir='ltr'>tr1b’</span> <span class='ocrx_word' id='word_1_290' title='bbox 1285 3070 1305 3131; x_wconf 92' lang='grc' dir='ltr'>ΙΙ</span> <span class='ocrx_word' id='word_1_291' title='bbox 1333 3071 1920 3122; x_wconf 84' lang='lat' dir='ltr'>cumcondemnarunt.</span> <span class='ocrx_word' id='word_1_292' title='bbox 1955 3068 1962 3134; x_wconf 95' lang='grc' dir='ltr'>Ι</span> <span class='ocrx_word' id='word_1_293' title='bbox 2000 3073 2078 3121; x_wconf 90' lang='grc'>12.</span> <span class='ocrx_word' id='word_1_294' title='bbox 2105 3068 2409 3135; x_wconf 87' lang='lat' dir='ltr'>inligurib’.</span> <span class='ocrx_word' id='word_1_295' title='bbox 2443 3069 2450 3133; x_wconf 97' lang='grc' dir='ltr'>Ι</span> <span class='ocrx_word' id='word_1_296' title='bbox 2484 3086 2630 3123; x_wconf 87' lang='lat' dir='ltr'>anno</span> 
     </span>
     <span class='ocr_line' id='line_1_34' title="bbox 241 3153 2627 3223; baseline -0.001 -14"><span class='ocrx_word' id='word_1_297' title='bbox 241 3159 361 3209; x_wconf 81' lang='lat' dir='ltr'>add.</span> <span class='ocrx_word' id='word_1_298' title='bbox 398 3158 475 3209; x_wconf 86' lang='lat' dir='ltr'>ed.</span> <span class='ocrx_word' id='word_1_299' title='bbox 514 3159 641 3209; x_wconf 76' lang='lat' dir='ltr'>Bas,</span> <span class='ocrx_word' id='word_1_300' title='bbox 681 3155 842 3209; x_wconf 83' lang='grc'><em>1531.</em></span> <span class='ocrx_word' id='word_1_301' title='bbox 878 3155 884 3219; x_wconf 97' lang='grc' dir='ltr'>Ι</span> <span class='ocrx_word' id='word_1_302' title='bbox 918 3162 986 3208; x_wconf 70' lang='lat' dir='ltr'>na</span> <span class='ocrx_word' id='word_1_303' title='bbox 1013 3158 1032 3218; x_wconf 89' lang='grc' dir='ltr'>ΙΙ</span> <span class='ocrx_word' id='word_1_304' title='bbox 1059 3173 1176 3210; x_wconf 87' lang='lat' dir='ltr'>nec.</span> <span class='ocrx_word' id='word_1_305' title='bbox 1210 3162 1218 3221; x_wconf 92' lang='grc'>1</span> <span class='ocrx_word' id='word_1_306' title='bbox 1255 3161 1332 3209; x_wconf 87' lang='lat'>13.</span> <span class='ocrx_word' id='word_1_307' title='bbox 1372 3175 1495 3223; x_wconf 83' lang='lat' dir='ltr'>neq.</span> <span class='ocrx_word' id='word_1_308' title='bbox 1523 3158 1544 3218; x_wconf 91' lang='grc' dir='ltr'>ΙΙ</span> <span class='ocrx_word' id='word_1_309' title='bbox 1571 3156 2096 3222; x_wconf 85' lang='lat' dir='ltr'>consuliumagrum.</span> <span class='ocrx_word' id='word_1_310' title='bbox 2130 3153 2138 3220; x_wconf 96' lang='grc' dir='ltr'>Ι</span> <span class='ocrx_word' id='word_1_311' title='bbox 2188 3159 2267 3208; x_wconf 82' lang='lat'>15.</span> <span class='ocrx_word' id='word_1_312' title='bbox 2308 3156 2424 3208; x_wconf 86' lang='lat' dir='ltr'>dies</span> <span class='ocrx_word' id='word_1_313' title='bbox 2460 3156 2554 3208; x_wconf 87' lang='lat' dir='ltr'>LX</span> <span class='ocrx_word' id='word_1_314' title='bbox 2577 3176 2589 3187; x_wconf 93' lang='lat'><strong>·</strong></span> <span class='ocrx_word' id='word_1_315' title='bbox 2621 3155 2627 3221; x_wconf 96' lang='grc' dir='ltr'>Ι</span> 
     </span>
     <span class='ocr_line' id='line_1_35' title="bbox 245 3240 2630 3312; baseline 0 -16"><span class='ocrx_word' id='word_1_316' title='bbox 245 3246 326 3296; x_wconf 83' lang='grc'>18.</span> <span class='ocrx_word' id='word_1_317' title='bbox 353 3244 422 3297; x_wconf 88' lang='lat' dir='ltr'>ad</span> <span class='ocrx_word' id='word_1_318' title='bbox 447 3245 469 3305; x_wconf 90' lang='grc' dir='ltr'>ΙΙ</span> <span class='ocrx_word' id='word_1_319' title='bbox 495 3243 567 3296; x_wconf 83' lang='lat' dir='ltr'>id.</span> <span class='ocrx_word' id='word_1_320' title='bbox 610 3240 619 3308; x_wconf 99' lang='grc' dir='ltr'>Ι</span> <span class='ocrx_word' id='word_1_321' title='bbox 663 3247 746 3295; x_wconf 89' lang='grc'>20.</span> <span class='ocrx_word' id='word_1_322' title='bbox 785 3248 839 3295; x_wconf 65' lang='lat' dir='ltr'>ta</span> <span class='ocrx_word' id='word_1_323' title='bbox 865 3245 887 3305; x_wconf 79' lang='grc' dir='ltr'>ΙΙ</span> <span class='ocrx_word' id='word_1_324' title='bbox 913 3247 984 3310; x_wconf 79' lang='lat' dir='ltr'>et,</span> <span class='ocrx_word' id='word_1_325' title='bbox 1020 3248 1207 3306; x_wconf 86' lang='lat' dir='ltr'>tamen</span> <span class='ocrx_word' id='word_1_326' title='bbox 1246 3245 1434 3296; x_wconf 80' lang='lat' dir='ltr'>Hartel</span> <span class='ocrx_word' id='word_1_327' title='bbox 1464 3263 1521 3312; x_wconf 81' lang='lat' dir='ltr'>p.</span> <span class='ocrx_word' id='word_1_328' title='bbox 1558 3241 1651 3308; x_wconf 79' lang='grc'>33,</span> <span class='ocrx_word' id='word_1_329' title='bbox 1687 3244 1833 3312; x_wconf 79' lang='lat' dir='ltr'>prob.</span> <span class='ocrx_word' id='word_1_330' title='bbox 1872 3244 1941 3296; x_wconf 87' lang='lat' dir='ltr'>H.</span> <span class='ocrx_word' id='word_1_331' title='bbox 1981 3245 2027 3296; x_wconf 91' lang='lat' dir='ltr'>I.</span> <span class='ocrx_word' id='word_1_332' title='bbox 2066 3244 2258 3295; x_wconf 71' lang='lat' dir='ltr'>Milller</span> <span class='ocrx_word' id='word_1_333' title='bbox 2295 3261 2417 3296; x_wconf 75' lang='lat' dir='ltr'>ann.</span> <span class='ocrx_word' id='word_1_334' title='bbox 2455 3243 2630 3297; x_wconf 84' lang='lat' dir='ltr'>Berol.</span> 
     </span>
     <span class='ocr_line' id='line_1_36' title="bbox 244 3327 2630 3398; baseline 0 -16"><span class='ocrx_word' id='word_1_335' title='bbox 244 3328 391 3383; x_wconf 82' lang='grc'><em>1889</em></span> <span class='ocrx_word' id='word_1_336' title='bbox 410 3348 464 3398; x_wconf 82' lang='lat' dir='ltr'>p.</span> <span class='ocrx_word' id='word_1_337' title='bbox 490 3327 578 3393; x_wconf 83' lang='lat'>37,</span> <span class='ocrx_word' id='word_1_338' title='bbox 624 3335 806 3383; x_wconf 79' lang='lat' dir='ltr'>tamen</span> <span class='ocrx_word' id='word_1_339' title='bbox 852 3334 909 3382; x_wconf 91' lang='lat' dir='ltr'>et</span> <span class='ocrx_word' id='word_1_340' title='bbox 949 3332 1026 3382; x_wconf 82' lang='lat' dir='ltr'>ed.</span> <span class='ocrx_word' id='word_1_341' title='bbox 1060 3331 1185 3381; x_wconf 80' lang='lat' dir='ltr'>Bas,</span> <span class='ocrx_word' id='word_1_342' title='bbox 1232 3327 1394 3383; x_wconf 81' lang='grc'><em>1531.</em></span> <span class='ocrx_word' id='word_1_343' title='bbox 1444 3327 1451 3395; x_wconf 96' lang='grc' dir='ltr'>Ι</span> <span class='ocrx_word' id='word_1_344' title='bbox 1504 3330 1848 3396; x_wconf 87' lang='lat' dir='ltr'>inlyriorum.</span> <span class='ocrx_word' id='word_1_345' title='bbox 1900 3328 1908 3395; x_wconf 96' lang='grc' dir='ltr'>Ι</span> <span class='ocrx_word' id='word_1_346' title='bbox 1956 3330 2209 3382; x_wconf 88' lang='lat' dir='ltr'>habebat.</span> <span class='ocrx_word' id='word_1_347' title='bbox 2243 3329 2251 3394; x_wconf 91' lang='grc' dir='ltr'>Ι</span> <span class='ocrx_word' id='word_1_348' title='bbox 2283 3327 2502 3392; x_wconf 68' lang='lat' dir='ltr'>nauis!</span> <span class='ocrx_word' id='word_1_349' title='bbox 2546 3331 2630 3382; x_wconf 77' lang='lat'>21.</span> 
     </span>
     <span class='ocr_line' id='line_1_37' title="bbox 242 3415 2632 3483; baseline -0.001 -13"><span class='ocrx_word' id='word_1_350' title='bbox 242 3417 837 3470; x_wconf 88' lang='lat' dir='ltr'>abrundisiossenatus.</span> <span class='ocrx_word' id='word_1_351' title='bbox 871 3416 878 3480; x_wconf 97' lang='grc' dir='ltr'>Ι</span> <span class='ocrx_word' id='word_1_352' title='bbox 912 3417 1099 3482; x_wconf 83' lang='lat' dir='ltr'>itaque</span> <span class='ocrx_word' id='word_1_353' title='bbox 1120 3418 1167 3468; x_wconf 90' lang='lat' dir='ltr'>X</span> <span class='ocrx_word' id='word_1_354' title='bbox 1189 3421 1244 3468; x_wconf 89' lang='lat' dir='ltr'>et</span> <span class='ocrx_word' id='word_1_355' title='bbox 1270 3423 1398 3470; x_wconf 87' lang='lat' dir='ltr'>octo</span> <span class='ocrx_word' id='word_1_356' title='bbox 1419 3434 1588 3470; x_wconf 88' lang='lat' dir='ltr'>naves</span> <span class='ocrx_word' id='word_1_357' title='bbox 1608 3419 1734 3468; x_wconf 79' lang='lat' dir='ltr'>coni.</span> <span class='ocrx_word' id='word_1_358' title='bbox 1766 3418 2135 3470; x_wconf 75' lang='lat' dir='ltr'>Weissenborn.</span> <span class='ocrx_word' id='word_1_359' title='bbox 2168 3415 2176 3480; x_wconf 96' lang='grc' dir='ltr'>Ι</span> <span class='ocrx_word' id='word_1_360' title='bbox 2207 3417 2291 3468; x_wconf 85' lang='grc'>23.</span> <span class='ocrx_word' id='word_1_361' title='bbox 2311 3420 2632 3483; x_wconf 87' lang='lat' dir='ltr'>praeerant-</span> 
     </span>
     <span class='ocr_line' id='line_1_38' title="bbox 242 3501 2629 3571; baseline -0.001 -14"><span class='ocrx_word' id='word_1_362' title='bbox 242 3504 530 3570; x_wconf 70' lang='lat' dir='ltr'>miserunt,</span> <span class='ocrx_word' id='word_1_363' title='bbox 568 3509 824 3571; x_wconf 84' lang='lat' dir='ltr'>praeerat</span> <span class='ocrx_word' id='word_1_364' title='bbox 860 3506 935 3556; x_wconf 79' lang='lat' dir='ltr'>ecl.</span> <span class='ocrx_word' id='word_1_365' title='bbox 962 3505 1090 3556; x_wconf 79' lang='lat' dir='ltr'>Bas,</span> <span class='ocrx_word' id='word_1_366' title='bbox 1120 3501 1281 3568; x_wconf 78' lang='grc'><em>1531,</em></span> <span class='ocrx_word' id='word_1_367' title='bbox 1327 3509 1599 3570; x_wconf 86' lang='lat' dir='ltr'>praeerat,</span> <span class='ocrx_word' id='word_1_368' title='bbox 1640 3504 1668 3534; x_wconf 89' lang='lat'>*</span> <span class='ocrx_word' id='word_1_369' title='bbox 1690 3504 1717 3535; x_wconf 89' lang='lat'><em>*</em></span> <span class='ocrx_word' id='word_1_370' title='bbox 1751 3504 2022 3555; x_wconf 86' lang='lat' dir='ltr'>miserunt</span> <span class='ocrx_word' id='word_1_371' title='bbox 2051 3503 2448 3556; x_wconf 85' lang='lat' dir='ltr'>Weissenborn</span> <span class='ocrx_word' id='word_1_372' title='bbox 2474 3504 2527 3554; x_wconf 86' lang='lat' dir='ltr'>in</span> <span class='ocrx_word' id='word_1_373' title='bbox 2552 3505 2629 3554; x_wconf 80' lang='lat' dir='ltr'>ed.</span> 
     </span>
     <span class='ocr_line' id='line_1_39' title="bbox 248 3585 2631 3657; baseline -0.004 -11"><span class='ocrx_word' id='word_1_374' title='bbox 248 3591 436 3646; x_wconf 83' lang='lat' dir='ltr'>Teubn.</span> <span class='ocrx_word' id='word_1_375' title='bbox 509 3589 516 3657; x_wconf 96' lang='grc' dir='ltr'>Ι</span> <span class='ocrx_word' id='word_1_376' title='bbox 584 3592 691 3644; x_wconf 89' lang='lat' dir='ltr'>dua</span> <span class='ocrx_word' id='word_1_377' title='bbox 750 3592 918 3643; x_wconf 88' lang='lat' dir='ltr'>milia.</span> <span class='ocrx_word' id='word_1_378' title='bbox 987 3587 995 3655; x_wconf 95' lang='grc' dir='ltr'>Ι</span> <span class='ocrx_word' id='word_1_379' title='bbox 1061 3590 1196 3656; x_wconf 91' lang='lat' dir='ltr'>inpo</span> <span class='ocrx_word' id='word_1_380' title='bbox 1244 3591 1264 3651; x_wconf 91' lang='grc' dir='ltr'>ΙΙ</span> <span class='ocrx_word' id='word_1_381' title='bbox 1314 3591 1476 3656; x_wconf 88' lang='lat' dir='ltr'>sitaq.</span> <span class='ocrx_word' id='word_1_382' title='bbox 1534 3585 1546 3640; x_wconf 97' lang='grc' dir='ltr'>Ι</span> <span class='ocrx_word' id='word_1_383' title='bbox 1591 3609 1660 3642; x_wconf 92' lang='lat' dir='ltr'>m.</span> <span class='ocrx_word' id='word_1_384' title='bbox 1688 3588 1954 3655; x_wconf 64' lang='lat' dir='ltr'>reciusl‘i-&#39;n</span> <span class='ocrx_word' id='word_1_385' title='bbox 1983 3588 2148 3652; x_wconf 60' lang='lat' dir='ltr'>exse,</span> <span class='ocrx_word' id='word_1_386' title='bbox 2199 3606 2333 3641; x_wconf 87' lang='lat' dir='ltr'>corr.</span> <span class='ocrx_word' id='word_1_387' title='bbox 2386 3588 2631 3653; x_wconf 70' lang='lat' dir='ltr'>Kreyssiy</span> 
     </span>
     <span class='ocr_line' id='line_1_40' title="bbox 244 3685 2625 3764; baseline -0.003 -16"><span class='ocrx_word' id='word_1_388' title='bbox 244 3695 525 3764; x_wconf 86' lang='lat' dir='ltr'>(inposita,</span> <span class='ocrx_word' id='word_1_389' title='bbox 576 3713 716 3762; x_wconf 90' lang='lat' dir='ltr'>quae</span> <span class='ocrx_word' id='word_1_390' title='bbox 766 3697 827 3761; x_wconf 79' lang='lat' dir='ltr'>Q.</span> <span class='ocrx_word' id='word_1_391' title='bbox 869 3693 1117 3746; x_wconf 85' lang='lat' dir='ltr'>Maenius</span> <span class='ocrx_word' id='word_1_392' title='bbox 1170 3698 1396 3762; x_wconf 88' lang='lat' dir='ltr'>praetor</span> <span class='ocrx_word' id='word_1_393' title='bbox 1443 3711 1512 3747; x_wconf 83' lang='lat' dir='ltr'>ex</span> <span class='ocrx_word' id='word_1_394' title='bbox 1550 3694 2035 3747; x_wconf 85' lang='lat' dir='ltr'>senatusconsulto</span> <span class='ocrx_word' id='word_1_395' title='bbox 2085 3694 2159 3745; x_wconf 82' lang='lat' dir='ltr'>ed.</span> <span class='ocrx_word' id='word_1_396' title='bbox 2211 3694 2334 3744; x_wconf 74' lang='lat' dir='ltr'>Bas.</span> <span class='ocrx_word' id='word_1_397' title='bbox 2386 3688 2575 3753; x_wconf 80' lang='grc'><em>1531.)</em></span> <span class='ocrx_word' id='word_1_398' title='bbox 2618 3685 2625 3753; x_wconf 96' lang='grc' dir='ltr'>Ι</span> 
     </span>
    </p>
   </div>
   <div class='ocr_carea' id='block_1_8' title="bbox 245 3777 2700 3930">
    <p class='ocr_par' dir='ltr' id='par_1_12' title="bbox 245 3777 2700 3938">
     <span class='ocr_line' id='line_1_41' title="bbox 245 3777 2631 3848; baseline -0.004 -14"><span class='ocrx_word' id='word_1_399' title='bbox 245 3783 329 3836; x_wconf 86' lang='grc'>25.</span> <span class='ocrx_word' id='word_1_400' title='bbox 379 3779 1047 3847; x_wconf 79' lang='lat' dir='ltr'>queobiectainlyriooest.</span> <span class='ocrx_word' id='word_1_401' title='bbox 1098 3777 1106 3846; x_wconf 95' lang='grc' dir='ltr'>Ι</span> <span class='ocrx_word' id='word_1_402' title='bbox 1156 3780 1396 3848; x_wconf 86' lang='lat' dir='ltr'>appium.</span> <span class='ocrx_word' id='word_1_403' title='bbox 1447 3780 1455 3845; x_wconf 93' lang='grc' dir='ltr'>Ι</span> <span class='ocrx_word' id='word_1_404' title='bbox 1519 3783 1599 3834; x_wconf 90' lang='grc'>26.</span> <span class='ocrx_word' id='word_1_405' title='bbox 1656 3779 2149 3846; x_wconf 87' lang='lat' dir='ltr'>ininlyricumquat</span> <span class='ocrx_word' id='word_1_406' title='bbox 2192 3781 2213 3842; x_wconf 92' lang='grc' dir='ltr'>ΙΙ</span> <span class='ocrx_word' id='word_1_407' title='bbox 2254 3777 2631 3839; x_wconf 72' lang='lat' dir='ltr'>tuormilibuS,</span> 
     </span>
     <span class='ocr_line' id='line_1_42' title="bbox 250 3839 2700 3930; baseline -0.005 -9"><span class='ocrx_word' id='word_1_408' title='bbox 250 3886 387 3921; x_wconf 87' lang='lat' dir='ltr'>corr.</span> <span class='ocrx_word' id='word_1_409' title='bbox 424 3869 500 3921; x_wconf 88' lang='lat' dir='ltr'>ed.</span> <span class='ocrx_word' id='word_1_410' title='bbox 554 3869 682 3920; x_wconf 83' lang='lat' dir='ltr'>Bas.</span> <span class='ocrx_word' id='word_1_411' title='bbox 728 3866 892 3920; x_wconf 74' lang='lat'><strong><em>1531.</em></strong></span> <span class='ocrx_word' id='word_1_412' title='bbox 2547 3839 2700 3930; x_wconf 49' lang='lat' dir='ltr'><em>ff</em></span> 
     </span>
    </p>
   </div>
  </div>
 </body>
</html>
