<?xml version="1.0" encoding="UTF-8"?>
<!DOCTYPE html PUBLIC "-//W3C//DTD XHTML 1.0 Transitional//EN"
    "http://www.w3.org/TR/xhtml1/DTD/xhtml1-transitional.dtd">
<html xmlns="http://www.w3.org/1999/xhtml" xml:lang="en" lang="en">
 <head>
  <title>
</title>
<meta http-equiv="Content-Type" content="text/html;charset=utf-8" />
  <meta name='ocr-system' content='tesseract 3.04.00' />
  <meta name='ocr-capabilities' content='ocr_page ocr_carea ocr_par ocr_line ocrx_word'/>
</head>
<body>
  <div class='ocr_page' id='page_1' title='image "./tliviaburbecond01zinggoog_0082.png"; bbox 0 0 3005 4257; ppageno 0'>
   <div class='ocr_carea' id='block_1_1' title="bbox 446 169 2343 247">
    <p class='ocr_par' dir='ltr' id='par_1_1' title="bbox 446 169 2343 247">
     <span class='ocr_line' id='line_1_1' title="bbox 446 169 2343 247; baseline -0.004 -15"><span class='ocrx_word' id='word_1_1' title='bbox 446 170 533 235; x_wconf 88' lang='grc'><strong>64</strong></span> <span class='ocrx_word' id='word_1_2' title='bbox 1021 172 1240 226; x_wconf 88' lang='lat' dir='ltr'>LIBER</span> <span class='ocrx_word' id='word_1_3' title='bbox 1275 172 1441 226; x_wconf 88' lang='lat' dir='ltr'>XLII.</span> <span class='ocrx_word' id='word_1_4' title='bbox 1482 172 1633 225; x_wconf 91' lang='lat' dir='ltr'><strong>CAP.</strong></span> <span class='ocrx_word' id='word_1_5' title='bbox 1672 173 1755 226; x_wconf 85' lang='lat'><strong>51.</strong></span> <span class='ocrx_word' id='word_1_6' title='bbox 1796 174 1879 225; x_wconf 86' lang='lat'><strong>52.</strong></span> <span class='ocrx_word' id='word_1_7' title='bbox 1921 169 1992 239; x_wconf 84' lang='lat' dir='ltr'><strong>[a.</strong></span> <span class='ocrx_word' id='word_1_8' title='bbox 2030 172 2095 226; x_wconf 91' lang='lat' dir='ltr'><strong>U.</strong></span> <span class='ocrx_word' id='word_1_9' title='bbox 2135 189 2181 247; x_wconf 84' lang='lat' dir='ltr'><strong>c.</strong></span> <span class='ocrx_word' id='word_1_10' title='bbox 2218 169 2343 236; x_wconf 85' lang='lat'>583]</span> 
     </span>
    </p>
   </div>
   <div class='ocr_carea' id='block_1_2' title="bbox 369 342 2978 1813">
    <p class='ocr_par' dir='ltr' id='par_1_2' title="bbox 446 342 2857 425">
     <span class='ocr_line' id='line_1_2' title="bbox 446 342 2857 425; baseline 0.002 -20"><span class='ocrx_word' id='word_1_11' title='bbox 446 342 682 422; x_wconf 88' lang='lat' dir='ltr'><strong>Paeon,</strong></span> <span class='ocrx_word' id='word_1_12' title='bbox 730 342 838 425; x_wconf 91' lang='lat' dir='ltr'><strong>qui</strong></span> <span class='ocrx_word' id='word_1_13' title='bbox 876 344 1351 409; x_wconf 79' lang='lat' dir='ltr'><strong>adulescentem</strong></span> <span class='ocrx_word' id='word_1_14' title='bbox 1389 343 1785 408; x_wconf 88' lang='lat' dir='ltr'><strong>Demetrium</strong></span> <span class='ocrx_word' id='word_1_15' title='bbox 1810 343 2150 409; x_wconf 89' lang='lat' dir='ltr'><strong>occiderat.</strong></span> <span class='ocrx_word' id='word_1_16' title='bbox 2193 352 2256 409; x_wconf 92' lang='lat' dir='ltr'><strong>et</strong></span> <span class='ocrx_word' id='word_1_17' title='bbox 2294 351 2673 409; x_wconf 90' lang='lat' dir='ltr'><strong>armatorum</strong></span> <span class='ocrx_word' id='word_1_18' title='bbox 2715 345 2857 410; x_wconf 91' lang='lat' dir='ltr'><strong>duo</strong></span> 
     </span>
    </p>

    <p class='ocr_par' dir='ltr' id='par_1_3' title="bbox 396 429 2858 688">
     <span class='ocr_line' id='line_1_3' title="bbox 396 429 2857 515; baseline 0.002 -24"><span class='ocrx_word' id='word_1_19' title='bbox 396 452 418 490; x_wconf 78' lang='grc' dir='ltr'><strong><em>τ</em></strong></span> <span class='ocrx_word' id='word_1_20' title='bbox 448 429 622 493; x_wconf 92' lang='lat' dir='ltr'><strong>milia</strong></span> <span class='ocrx_word' id='word_1_21' title='bbox 659 429 988 501; x_wconf 78' lang='lat' dir='ltr'><strong>Gallorum</strong></span> <span class='ocrx_word' id='word_1_22' title='bbox 1037 438 1247 512; x_wconf 88' lang='lat' dir='ltr'><strong>erant;</strong></span> <span class='ocrx_word' id='word_1_23' title='bbox 1295 430 1656 514; x_wconf 77' lang='lat' dir='ltr'><strong>praefectus</strong></span> <span class='ocrx_word' id='word_1_24' title='bbox 1709 430 2197 515; x_wconf 90' lang='lat' dir='ltr'><strong>Asclepiodotos</strong></span> <span class='ocrx_word' id='word_1_25' title='bbox 2258 431 2339 495; x_wconf 90' lang='lat' dir='ltr'><strong>ab</strong></span> <span class='ocrx_word' id='word_1_26' title='bbox 2384 430 2701 497; x_wconf 88' lang='lat' dir='ltr'><strong>Heraclea</strong></span> <span class='ocrx_word' id='word_1_27' title='bbox 2768 453 2857 496; x_wconf 93' lang='lat' dir='ltr'><strong>ex</strong></span> 
     </span>
     <span class='ocr_line' id='line_1_4' title="bbox 451 516 2854 598; baseline 0.001 -18"><span class='ocrx_word' id='word_1_28' title='bbox 451 516 680 598; x_wconf 83' lang='lat' dir='ltr'><strong>Sintis3</strong></span> <span class='ocrx_word' id='word_1_29' title='bbox 712 517 834 582; x_wconf 87' lang='lat' dir='ltr'><strong>tria</strong></span> <span class='ocrx_word' id='word_1_30' title='bbox 856 517 1032 581; x_wconf 90' lang='lat' dir='ltr'><strong>milia</strong></span> <span class='ocrx_word' id='word_1_31' title='bbox 1046 517 1361 582; x_wconf 83' lang='lat' dir='ltr'><strong>Threcum</strong></span> <span class='ocrx_word' id='word_1_32' title='bbox 1384 517 1723 582; x_wconf 91' lang='lat' dir='ltr'><strong>liberorum</strong></span> <span class='ocrx_word' id='word_1_33' title='bbox 1746 536 1927 582; x_wconf 93' lang='lat' dir='ltr'><strong>suum</strong></span> <span class='ocrx_word' id='word_1_34' title='bbox 1952 517 2178 581; x_wconf 92' lang='lat' dir='ltr'><strong>ducem</strong></span> <span class='ocrx_word' id='word_1_35' title='bbox 2192 516 2530 582; x_wconf 88' lang='lat' dir='ltr'><strong>habebant.</strong></span> <span class='ocrx_word' id='word_1_36' title='bbox 2582 517 2854 583; x_wconf 84' lang='lat' dir='ltr'><strong>Creten-</strong></span> 
     </span>
     <span class='ocr_line' id='line_1_5' title="bbox 448 602 2858 688; baseline 0.001 -21"><span class='ocrx_word' id='word_1_37' title='bbox 448 603 609 667; x_wconf 84' lang='lat' dir='ltr'><strong>sium</strong></span> <span class='ocrx_word' id='word_1_38' title='bbox 622 624 739 687; x_wconf 90' lang='lat' dir='ltr'><strong>par</strong></span> <span class='ocrx_word' id='word_1_39' title='bbox 752 625 956 688; x_wconf 90' lang='lat' dir='ltr'><strong>paene</strong></span> <span class='ocrx_word' id='word_1_40' title='bbox 971 623 1265 668; x_wconf 90' lang='lat' dir='ltr'><strong>numerus</strong></span> <span class='ocrx_word' id='word_1_41' title='bbox 1282 623 1430 667; x_wconf 87' lang='lat' dir='ltr'><strong>suos</strong></span> <span class='ocrx_word' id='word_1_42' title='bbox 1449 602 1641 668; x_wconf 90' lang='lat' dir='ltr'><strong>duces</strong></span> <span class='ocrx_word' id='word_1_43' title='bbox 1666 604 2063 685; x_wconf 81' lang='lat' dir='ltr'><strong>sequebatur,</strong></span> <span class='ocrx_word' id='word_1_44' title='bbox 2092 603 2321 668; x_wconf 90' lang='lat' dir='ltr'><strong>Susum</strong></span> <span class='ocrx_word' id='word_1_45' title='bbox 2344 604 2858 670; x_wconf 86' lang='lat' dir='ltr'><strong>Phalasarneum</strong></span> 
     </span>
    </p>

    <p class='ocr_par' dir='ltr' id='par_1_4' title="bbox 394 687 2910 944">
     <span class='ocr_line' id='line_1_6' title="bbox 394 687 2910 774; baseline 0.003 -24"><span class='ocrx_word' id='word_1_46' title='bbox 394 711 420 750; x_wconf 81' lang='lat' dir='ltr'><strong>s</strong></span> <span class='ocrx_word' id='word_1_47' title='bbox 449 696 511 754; x_wconf 92' lang='lat' dir='ltr'><strong>et</strong></span> <span class='ocrx_word' id='word_1_48' title='bbox 556 687 805 774; x_wconf 85' lang='lat' dir='ltr'><strong>Syllum</strong></span> <span class='ocrx_word' id='word_1_49' title='bbox 851 690 1175 755; x_wconf 82' lang='lat' dir='ltr'><strong>Gnosium.</strong></span> <span class='ocrx_word' id='word_1_50' title='bbox 1246 696 1308 754; x_wconf 90' lang='lat' dir='ltr'><strong>et</strong></span> <span class='ocrx_word' id='word_1_51' title='bbox 1367 688 1682 755; x_wconf 88' lang='lat' dir='ltr'><strong>Leonides</strong></span> <span class='ocrx_word' id='word_1_52' title='bbox 1728 690 2269 755; x_wconf 89' lang='lat' dir='ltr'><strong>Lacedaemonius</strong></span> <span class='ocrx_word' id='word_1_53' title='bbox 2331 690 2692 773; x_wconf 85' lang='lat' dir='ltr'><strong>quingentis</strong></span> <span class='ocrx_word' id='word_1_54' title='bbox 2770 713 2858 757; x_wconf 88' lang='lat' dir='ltr'><strong>ex</strong></span> <span class='ocrx_word' id='word_1_55' title='bbox 2885 700 2910 738; x_wconf 88' lang='lat'>⁵</span> 
     </span>
     <span class='ocr_line' id='line_1_7' title="bbox 447 775 2855 861; baseline 0.001 -21"><span class='ocrx_word' id='word_1_56' title='bbox 447 775 734 857; x_wconf 78' lang='lat' dir='ltr'><strong>Graecia,</strong></span> <span class='ocrx_word' id='word_1_57' title='bbox 784 777 982 841; x_wconf 87' lang='lat' dir='ltr'><strong>mixto</strong></span> <span class='ocrx_word' id='word_1_58' title='bbox 1028 777 1247 859; x_wconf 89' lang='lat' dir='ltr'><strong>generi</strong></span> <span class='ocrx_word' id='word_1_59' title='bbox 1291 775 1632 852; x_wconf 87' lang='lat' dir='ltr'><strong>hominum,</strong></span> <span class='ocrx_word' id='word_1_60' title='bbox 1702 784 2010 861; x_wconf 86' lang='lat' dir='ltr'><strong>praeerat.</strong></span> <span class='ocrx_word' id='word_1_61' title='bbox 2075 777 2238 859; x_wconf 89' lang='lat' dir='ltr'><strong>regii</strong></span> <span class='ocrx_word' id='word_1_62' title='bbox 2282 777 2337 841; x_wconf 92' lang='lat' dir='ltr'><strong>is</strong></span> <span class='ocrx_word' id='word_1_63' title='bbox 2384 777 2636 859; x_wconf 89' lang='lat' dir='ltr'><strong>generis</strong></span> <span class='ocrx_word' id='word_1_64' title='bbox 2683 778 2855 844; x_wconf 88' lang='lat' dir='ltr'><strong>fere-</strong></span> 
     </span>
     <span class='ocr_line' id='line_1_8' title="bbox 445 863 2856 944; baseline 0.001 -18"><span class='ocrx_word' id='word_1_65' title='bbox 445 864 648 944; x_wconf 87' lang='lat' dir='ltr'><strong>batur,</strong></span> <span class='ocrx_word' id='word_1_66' title='bbox 697 864 862 943; x_wconf 91' lang='lat' dir='ltr'><strong>exul,</strong></span> <span class='ocrx_word' id='word_1_67' title='bbox 932 863 1264 927; x_wconf 89' lang='lat' dir='ltr'><strong>damnatus</strong></span> <span class='ocrx_word' id='word_1_68' title='bbox 1311 863 1625 944; x_wconf 89' lang='lat' dir='ltr'><strong>frequenti</strong></span> <span class='ocrx_word' id='word_1_69' title='bbox 1672 863 1938 928; x_wconf 90' lang='lat' dir='ltr'><strong>concilio</strong></span> <span class='ocrx_word' id='word_1_70' title='bbox 1986 863 2404 944; x_wconf 86' lang='lat' dir='ltr'><strong>Achaeorum,</strong></span> <span class='ocrx_word' id='word_1_71' title='bbox 2459 863 2697 931; x_wconf 28' lang='lat' dir='ltr'><strong>,litteris</strong></span> <span class='ocrx_word' id='word_1_72' title='bbox 2766 864 2856 928; x_wconf 89' lang='lat' dir='ltr'><strong>ad</strong></span> 
     </span>
    </p>

    <p class='ocr_par' dir='ltr' id='par_1_5' title="bbox 395 948 2929 1207">
     <span class='ocr_line' id='line_1_9' title="bbox 395 948 2856 1035; baseline 0.002 -25"><span class='ocrx_word' id='word_1_73' title='bbox 395 972 418 1010; x_wconf 87' lang='lat'>9</span> <span class='ocrx_word' id='word_1_74' title='bbox 447 948 682 1014; x_wconf 89' lang='lat' dir='ltr'><strong>Persea</strong></span> <span class='ocrx_word' id='word_1_75' title='bbox 750 949 1094 1034; x_wconf 87' lang='lat' dir='ltr'><strong>deprensis.</strong></span> <span class='ocrx_word' id='word_1_76' title='bbox 1158 949 1528 1015; x_wconf 89' lang='lat' dir='ltr'><strong>Aetolorum</strong></span> <span class='ocrx_word' id='word_1_77' title='bbox 1574 958 1637 1014; x_wconf 90' lang='lat' dir='ltr'><strong>et</strong></span> <span class='ocrx_word' id='word_1_78' title='bbox 1681 950 2083 1031; x_wconf 90' lang='lat' dir='ltr'><strong>Boeotorum,</strong></span> <span class='ocrx_word' id='word_1_79' title='bbox 2145 950 2252 1032; x_wconf 90' lang='lat' dir='ltr'><strong>qui</strong></span> <span class='ocrx_word' id='word_1_80' title='bbox 2312 971 2439 1015; x_wconf 94' lang='lat' dir='ltr'><strong>non</strong></span> <span class='ocrx_word' id='word_1_81' title='bbox 2500 952 2856 1035; x_wconf 84' lang='lat' dir='ltr'><strong>explebant</strong></span> 
     </span>
     <span class='ocr_line' id='line_1_10' title="bbox 445 1029 2856 1122; baseline 0.002 -23"><span class='ocrx_word' id='word_1_82' title='bbox 445 1036 589 1119; x_wconf 90' lang='lat' dir='ltr'><strong>plus</strong></span> <span class='ocrx_word' id='word_1_83' title='bbox 636 1056 825 1118; x_wconf 90' lang='lat' dir='ltr'><strong>quam</strong></span> <span class='ocrx_word' id='word_1_84' title='bbox 871 1029 1357 1119; x_wconf 87' lang='lat' dir='ltr'><strong>quingentorum</strong></span> <span class='ocrx_word' id='word_1_85' title='bbox 1403 1056 1621 1101; x_wconf 91' lang='lat' dir='ltr'><strong>omnes</strong></span> <span class='ocrx_word' id='word_1_86' title='bbox 1689 1056 2033 1117; x_wconf 90' lang='lat' dir='ltr'><strong>numerum,</strong></span> <span class='ocrx_word' id='word_1_87' title='bbox 2096 1037 2271 1119; x_wconf 87' lang='lat' dir='ltr'><strong>Lyco</strong></span> <span class='ocrx_word' id='word_1_88' title='bbox 2319 1035 2615 1102; x_wconf 90' lang='lat' dir='ltr'><strong>Achaeus</strong></span> <span class='ocrx_word' id='word_1_89' title='bbox 2660 1058 2856 1122; x_wconf 90' lang='lat' dir='ltr'><strong>prae·</strong></span> 
     </span>
     <span class='ocr_line' id='line_1_11' title="bbox 447 1121 2929 1207; baseline 0.001 -21"><span class='ocrx_word' id='word_1_90' title='bbox 447 1121 649 1187; x_wconf 81' lang='lat' dir='ltr'><strong>fectus</strong></span> <span class='ocrx_word' id='word_1_91' title='bbox 696 1131 847 1187; x_wconf 91' lang='lat' dir='ltr'><strong>erat.</strong></span> <span class='ocrx_word' id='word_1_92' title='bbox 921 1143 1002 1188; x_wconf 90' lang='lat' dir='ltr'><strong>ex</strong></span> <span class='ocrx_word' id='word_1_93' title='bbox 1047 1123 1145 1187; x_wconf 87' lang='lat' dir='ltr'><strong>his</strong></span> <span class='ocrx_word' id='word_1_94' title='bbox 1205 1123 1416 1187; x_wconf 84' lang='lat' dir='ltr'><strong>mixtis</strong></span> <span class='ocrx_word' id='word_1_95' title='bbox 1476 1130 1571 1188; x_wconf 91' lang='lat' dir='ltr'><strong>tot</strong></span> <span class='ocrx_word' id='word_1_96' title='bbox 1632 1123 2028 1207; x_wconf 90' lang='lat' dir='ltr'><strong>populorum,</strong></span> <span class='ocrx_word' id='word_1_97' title='bbox 2091 1131 2185 1188; x_wconf 89' lang='lat' dir='ltr'><strong>tot</strong></span> <span class='ocrx_word' id='word_1_98' title='bbox 2243 1123 2526 1206; x_wconf 90' lang='lat' dir='ltr'><strong>gentium</strong></span> <span class='ocrx_word' id='word_1_99' title='bbox 2585 1123 2853 1189; x_wconf 84' lang='lat' dir='ltr'><strong>auxiliis</strong></span> <span class='ocrx_word' id='word_1_100' title='bbox 2883 1132 2929 1170; x_wconf 91' lang='lat'><strong>1⁰</strong></span> 
     </span>
    </p>

    <p class='ocr_par' dir='ltr' id='par_1_6' title="bbox 369 1208 2857 1470">
     <span class='ocr_line' id='line_1_12' title="bbox 369 1208 2857 1293; baseline 0.002 -23"><span class='ocrx_word' id='word_1_101' title='bbox 369 1233 420 1271; x_wconf 90' lang='lat'><strong>10</strong></span> <span class='ocrx_word' id='word_1_102' title='bbox 448 1208 784 1274; x_wconf 86' lang='lat' dir='ltr'><strong>duodecim</strong></span> <span class='ocrx_word' id='word_1_103' title='bbox 828 1209 1003 1273; x_wconf 93' lang='lat' dir='ltr'><strong>milia</strong></span> <span class='ocrx_word' id='word_1_104' title='bbox 1048 1217 1429 1273; x_wconf 89' lang='lat' dir='ltr'><strong>armatorum</strong></span> <span class='ocrx_word' id='word_1_105' title='bbox 1474 1210 1671 1274; x_wconf 89' lang='lat' dir='ltr'><strong>ferme</strong></span> <span class='ocrx_word' id='word_1_106' title='bbox 1741 1209 2191 1274; x_wconf 87' lang='lat' dir='ltr'><strong>efficiebantur.</strong></span> <span class='ocrx_word' id='word_1_107' title='bbox 2255 1210 2533 1293; x_wconf 90' lang='lat' dir='ltr'><strong>equitum</strong></span> <span class='ocrx_word' id='word_1_108' title='bbox 2580 1231 2660 1275; x_wconf 90' lang='lat' dir='ltr'><strong>ex</strong></span> <span class='ocrx_word' id='word_1_109' title='bbox 2709 1218 2857 1276; x_wconf 92' lang='lat' dir='ltr'><strong>tota</strong></span> 
     </span>
     <span class='ocr_line' id='line_1_13' title="bbox 447 1294 2852 1379; baseline 0.001 -20"><span class='ocrx_word' id='word_1_110' title='bbox 447 1294 825 1360; x_wconf 92' lang='lat' dir='ltr'><strong>Macedonia</strong></span> <span class='ocrx_word' id='word_1_111' title='bbox 870 1303 1269 1361; x_wconf 85' lang='lat' dir='ltr'><strong>contraxerat</strong></span> <span class='ocrx_word' id='word_1_112' title='bbox 1314 1297 1448 1359; x_wconf 79' lang='lat' dir='ltr'><strong>tria</strong></span> <span class='ocrx_word' id='word_1_113' title='bbox 1494 1296 1687 1360; x_wconf 89' lang='lat' dir='ltr'><strong>milia.</strong></span> <span class='ocrx_word' id='word_1_114' title='bbox 1735 1304 1995 1361; x_wconf 87' lang='lat' dir='ltr'><strong>venerat</strong></span> <span class='ocrx_word' id='word_1_115' title='bbox 2040 1296 2267 1362; x_wconf 88' lang='lat' dir='ltr'><strong>eodem</strong></span> <span class='ocrx_word' id='word_1_116' title='bbox 2313 1296 2529 1379; x_wconf 82' lang='lat' dir='ltr'><strong>Cotys,</strong></span> <span class='ocrx_word' id='word_1_117' title='bbox 2582 1296 2852 1363; x_wconf 86' lang='lat' dir='ltr'><strong>Seuthis</strong></span> 
     </span>
     <span class='ocr_line' id='line_1_14' title="bbox 444 1380 2852 1470; baseline 0.002 -26"><span class='ocrx_word' id='word_1_118' title='bbox 444 1380 629 1462; x_wconf 92' lang='lat' dir='ltr'><strong>filius,</strong></span> <span class='ocrx_word' id='word_1_119' title='bbox 692 1402 807 1447; x_wconf 88' lang='lat' dir='ltr'><strong>rex</strong></span> <span class='ocrx_word' id='word_1_120' title='bbox 852 1383 1059 1464; x_wconf 89' lang='lat' dir='ltr'><strong>gentis</strong></span> <span class='ocrx_word' id='word_1_121' title='bbox 1108 1382 1517 1466; x_wconf 88' lang='lat' dir='ltr'><strong>Odrysarum,</strong></span> <span class='ocrx_word' id='word_1_122' title='bbox 1580 1403 1722 1447; x_wconf 91' lang='lat' dir='ltr'><strong>cum</strong></span> <span class='ocrx_word' id='word_1_123' title='bbox 1766 1383 1937 1447; x_wconf 91' lang='lat' dir='ltr'><strong>mille</strong></span> <span class='ocrx_word' id='word_1_124' title='bbox 1984 1382 2245 1448; x_wconf 91' lang='lat' dir='ltr'><strong>delectis</strong></span> <span class='ocrx_word' id='word_1_125' title='bbox 2306 1383 2639 1465; x_wconf 88' lang='lat' dir='ltr'><strong>equitibus,</strong></span> <span class='ocrx_word' id='word_1_126' title='bbox 2703 1384 2852 1470; x_wconf 90' lang='lat' dir='ltr'><strong>pari</strong></span> 
     </span>
    </p>

    <p class='ocr_par' dir='ltr' id='par_1_7' title="bbox 371 1467 2978 1813">
     <span class='ocr_line' id='line_1_15' title="bbox 371 1467 2850 1553; baseline 0.003 -24"><span class='ocrx_word' id='word_1_127' title='bbox 371 1492 418 1530; x_wconf 91' lang='lat'><strong>11</strong></span> <span class='ocrx_word' id='word_1_128' title='bbox 449 1467 646 1533; x_wconf 91' lang='lat' dir='ltr'><strong>ferme</strong></span> <span class='ocrx_word' id='word_1_129' title='bbox 691 1469 974 1553; x_wconf 91' lang='lat' dir='ltr'><strong>peditum</strong></span> <span class='ocrx_word' id='word_1_130' title='bbox 1019 1490 1297 1535; x_wconf 90' lang='lat' dir='ltr'><strong>numero.</strong></span> <span class='ocrx_word' id='word_1_131' title='bbox 1352 1469 1444 1533; x_wconf 90' lang='lat' dir='ltr'><strong>ita</strong></span> <span class='ocrx_word' id='word_1_132' title='bbox 1474 1489 1720 1534; x_wconf 89' lang='lat' dir='ltr'><strong>summa</strong></span> <span class='ocrx_word' id='word_1_133' title='bbox 1750 1469 1941 1534; x_wconf 89' lang='lat' dir='ltr'><strong>totius</strong></span> <span class='ocrx_word' id='word_1_134' title='bbox 1974 1470 2285 1535; x_wconf 86' lang='lat' dir='ltr'><strong>exercitus</strong></span> <span class='ocrx_word' id='word_1_135' title='bbox 2315 1470 2577 1552; x_wconf 87' lang='lat' dir='ltr'><strong>triginta</strong></span> <span class='ocrx_word' id='word_1_136' title='bbox 2606 1491 2850 1536; x_wconf 85' lang='lat' dir='ltr'><strong>novem</strong></span> 
     </span>
     <span class='ocr_line' id='line_1_16' title="bbox 447 1554 2978 1639; baseline 0.001 -21"><span class='ocrx_word' id='word_1_137' title='bbox 447 1554 621 1618; x_wconf 92' lang='lat' dir='ltr'><strong>milia</strong></span> <span class='ocrx_word' id='word_1_138' title='bbox 649 1554 934 1639; x_wconf 89' lang='lat' dir='ltr'><strong>peditum</strong></span> <span class='ocrx_word' id='word_1_139' title='bbox 965 1563 1162 1637; x_wconf 90' lang='lat' dir='ltr'><strong>erant,</strong></span> <span class='ocrx_word' id='word_1_140' title='bbox 1212 1563 1508 1639; x_wconf 90' lang='lat' dir='ltr'><strong>quattuor</strong></span> <span class='ocrx_word' id='word_1_141' title='bbox 1553 1557 1849 1637; x_wconf 91' lang='lat' dir='ltr'><strong>equitum.</strong></span> <span class='ocrx_word' id='word_1_142' title='bbox 1906 1557 2059 1621; x_wconf 89' lang='lat' dir='ltr'><strong>satis</strong></span> <span class='ocrx_word' id='word_1_143' title='bbox 2093 1557 2443 1637; x_wconf 89' lang='lat' dir='ltr'><strong>constabat,</strong></span> <span class='ocrx_word' id='word_1_144' title='bbox 2490 1557 2849 1622; x_wconf 88' lang='lat' dir='ltr'><strong>secundum</strong></span> <span class='ocrx_word' id='word_1_145' title='bbox 2877 1563 2922 1601; x_wconf 85' lang='lat'><strong>1⁵</strong></span> <span class='ocrx_word' id='word_1_146' title='bbox 2977 1626 2978 1637; x_wconf 40' lang='grc'>,</span> 
     </span>
     <span class='ocr_line' id='line_1_17' title="bbox 448 1642 2978 1724; baseline 0.002 -19"><span class='ocrx_word' id='word_1_147' title='bbox 448 1660 591 1705; x_wconf 84' lang='grc'>011111</span> <span class='ocrx_word' id='word_1_148' title='bbox 636 1642 998 1723; x_wconf 91' lang='lat' dir='ltr'><strong>exercitum,</strong></span> <span class='ocrx_word' id='word_1_149' title='bbox 1053 1663 1240 1724; x_wconf 91' lang='lat' dir='ltr'><strong>quem</strong></span> <span class='ocrx_word' id='word_1_150' title='bbox 1284 1662 1554 1724; x_wconf 90' lang='lat' dir='ltr'><strong>magnus</strong></span> <span class='ocrx_word' id='word_1_151' title='bbox 1601 1642 1965 1707; x_wconf 88' lang='lat' dir='ltr'><strong>Alexander</strong></span> <span class='ocrx_word' id='word_1_152' title='bbox 2007 1643 2074 1706; x_wconf 93' lang='lat' dir='ltr'><strong>in</strong></span> <span class='ocrx_word' id='word_1_153' title='bbox 2104 1643 2325 1707; x_wconf 91' lang='lat' dir='ltr'><strong>Asiam</strong></span> <span class='ocrx_word' id='word_1_154' title='bbox 2368 1643 2634 1724; x_wconf 90' lang='lat' dir='ltr'><strong>traiecit,</strong></span> <span class='ocrx_word' id='word_1_155' title='bbox 2665 1665 2850 1709; x_wconf 91' lang='lat' dir='ltr'><strong>num·</strong></span> <span class='ocrx_word' id='word_1_156' title='bbox 2977 1652 2978 1657; x_wconf 76' lang='grc'>’</span> 
     </span>
     <span class='ocr_line' id='line_1_18' title="bbox 449 1728 2337 1813; baseline 0.002 -22"><span class='ocrx_word' id='word_1_157' title='bbox 449 1747 638 1809; x_wconf 89' lang='lat' dir='ltr'><strong>quam</strong></span> <span class='ocrx_word' id='word_1_158' title='bbox 683 1728 871 1794; x_wconf 91' lang='lat' dir='ltr'><strong>ullius</strong></span> <span class='ocrx_word' id='word_1_159' title='bbox 920 1729 1340 1794; x_wconf 88' lang='lat' dir='ltr'><strong>Macedonum</strong></span> <span class='ocrx_word' id='word_1_160' title='bbox 1382 1729 1555 1811; x_wconf 86' lang='lat' dir='ltr'><strong>regis</strong></span> <span class='ocrx_word' id='word_1_161' title='bbox 1602 1729 1821 1813; x_wconf 91' lang='lat' dir='ltr'><strong>copias</strong></span> <span class='ocrx_word' id='word_1_162' title='bbox 1867 1736 2076 1794; x_wconf 88' lang='lat' dir='ltr'><strong>tantas</strong></span> <span class='ocrx_word' id='word_1_163' title='bbox 2123 1729 2337 1795; x_wconf 86' lang='lat' dir='ltr'><strong>fuisse.</strong></span> 
     </span>
    </p>
   </div>
   <div class='ocr_carea' id='block_1_3' title="bbox 392 1867 2917 2733">
    <p class='ocr_par' dir='ltr' id='par_1_8' title="bbox 392 1867 2917 2733">
     <span class='ocr_line' id='line_1_19' title="bbox 395 1867 2844 1952; baseline 0.002 -24"><span class='ocrx_word' id='word_1_164' title='bbox 395 1890 416 1928; x_wconf 92' lang='lat'>1</span> <span class='ocrx_word' id='word_1_165' title='bbox 655 1868 793 1932; x_wconf 94' lang='lat' dir='ltr'><strong>LII.</strong></span> <span class='ocrx_word' id='word_1_166' title='bbox 846 1869 1076 1933; x_wconf 86' lang='lat' dir='ltr'><strong>Sextus</strong></span> <span class='ocrx_word' id='word_1_167' title='bbox 1125 1875 1187 1933; x_wconf 89' lang='lat' dir='ltr'><strong>et</strong></span> <span class='ocrx_word' id='word_1_168' title='bbox 1230 1867 1567 1933; x_wconf 87' lang='lat' dir='ltr'><strong>vicesimus</strong></span> <span class='ocrx_word' id='word_1_169' title='bbox 1629 1888 1829 1932; x_wconf 92' lang='lat' dir='ltr'><strong>annus</strong></span> <span class='ocrx_word' id='word_1_170' title='bbox 1890 1869 2216 1951; x_wconf 80' lang='lat' dir='ltr'><strong>agebatur,</strong></span> <span class='ocrx_word' id='word_1_171' title='bbox 2287 1889 2366 1933; x_wconf 93' lang='lat' dir='ltr'><strong>ex</strong></span> <span class='ocrx_word' id='word_1_172' title='bbox 2428 1887 2553 1950; x_wconf 92' lang='lat' dir='ltr'><strong>quo</strong></span> <span class='ocrx_word' id='word_1_173' title='bbox 2597 1867 2844 1952; x_wconf 90' lang='lat' dir='ltr'><strong>petenti</strong></span> 
     </span>
     <span class='ocr_line' id='line_1_20' title="bbox 395 1953 2846 2039; baseline 0.002 -25"><span class='ocrx_word' id='word_1_174' title='bbox 395 1976 418 2014; x_wconf 84' lang='lat'>2</span> <span class='ocrx_word' id='word_1_175' title='bbox 446 1953 744 2038; x_wconf 90' lang='lat' dir='ltr'><strong>Philippo</strong></span> <span class='ocrx_word' id='word_1_176' title='bbox 794 1953 944 2018; x_wconf 88' lang='lat' dir='ltr'><strong>data</strong></span> <span class='ocrx_word' id='word_1_177' title='bbox 988 1976 1115 2039; x_wconf 93' lang='lat' dir='ltr'><strong>pax</strong></span> <span class='ocrx_word' id='word_1_178' title='bbox 1162 1962 1327 2031; x_wconf 82' lang='lat' dir='ltr'><strong>erat3</strong></span> <span class='ocrx_word' id='word_1_179' title='bbox 1388 1975 1504 2039; x_wconf 92' lang='lat' dir='ltr'><strong>per</strong></span> <span class='ocrx_word' id='word_1_180' title='bbox 1546 1953 1615 2018; x_wconf 92' lang='lat' dir='ltr'><strong>id</strong></span> <span class='ocrx_word' id='word_1_181' title='bbox 1662 1975 1846 2019; x_wconf 92' lang='lat' dir='ltr'><strong>omne</strong></span> <span class='ocrx_word' id='word_1_182' title='bbox 1893 1961 2139 2038; x_wconf 91' lang='lat' dir='ltr'><strong>tempus</strong></span> <span class='ocrx_word' id='word_1_183' title='bbox 2201 1955 2416 2038; x_wconf 91' lang='lat' dir='ltr'><strong>quieta</strong></span> <span class='ocrx_word' id='word_1_184' title='bbox 2459 1953 2846 2020; x_wconf 88' lang='lat' dir='ltr'><strong>Macedonia</strong></span> 
     </span>
     <span class='ocr_line' id='line_1_21' title="bbox 447 2041 2917 2125; baseline 0.001 -21"><span class='ocrx_word' id='word_1_185' title='bbox 447 2047 509 2104; x_wconf 91' lang='lat' dir='ltr'><strong>et</strong></span> <span class='ocrx_word' id='word_1_186' title='bbox 551 2041 923 2124; x_wconf 89' lang='lat' dir='ltr'><strong>progeniem</strong></span> <span class='ocrx_word' id='word_1_187' title='bbox 968 2041 1272 2121; x_wconf 87' lang='lat' dir='ltr'><strong>ediderat,</strong></span> <span class='ocrx_word' id='word_1_188' title='bbox 1342 2041 1518 2106; x_wconf 92' lang='lat' dir='ltr'><strong>cuius</strong></span> <span class='ocrx_word' id='word_1_189' title='bbox 1564 2054 1822 2124; x_wconf 87' lang='lat' dir='ltr'><strong>magna</strong></span> <span class='ocrx_word' id='word_1_190' title='bbox 1842 2061 1990 2125; x_wconf 89' lang='lat' dir='ltr'><strong>pars</strong></span> <span class='ocrx_word' id='word_1_191' title='bbox 2036 2048 2283 2106; x_wconf 89' lang='lat' dir='ltr'><strong>matura</strong></span> <span class='ocrx_word' id='word_1_192' title='bbox 2341 2041 2601 2105; x_wconf 92' lang='lat' dir='ltr'><strong>militiae</strong></span> <span class='ocrx_word' id='word_1_193' title='bbox 2649 2048 2840 2120; x_wconf 90' lang='lat' dir='ltr'><strong>esset,</strong></span> <span class='ocrx_word' id='word_1_194' title='bbox 2872 2050 2917 2088; x_wconf 81' lang='lat'><strong>20</strong></span> 
     </span>
     <span class='ocr_line' id='line_1_22' title="bbox 446 2127 2842 2211; baseline 0 -19"><span class='ocrx_word' id='word_1_195' title='bbox 446 2135 508 2192; x_wconf 91' lang='lat' dir='ltr'><strong>et</strong></span> <span class='ocrx_word' id='word_1_196' title='bbox 550 2127 798 2193; x_wconf 87' lang='lat' dir='ltr'><strong>levibus</strong></span> <span class='ocrx_word' id='word_1_197' title='bbox 828 2128 1012 2193; x_wconf 92' lang='lat' dir='ltr'><strong>bellis</strong></span> <span class='ocrx_word' id='word_1_198' title='bbox 1043 2127 1359 2193; x_wconf 89' lang='lat' dir='ltr'><strong>Thracum</strong></span> <span class='ocrx_word' id='word_1_199' title='bbox 1391 2127 1767 2209; x_wconf 88' lang='lat' dir='ltr'><strong>accolarum,</strong></span> <span class='ocrx_word' id='word_1_200' title='bbox 1816 2149 1980 2211; x_wconf 90' lang='lat' dir='ltr'><strong>quae</strong></span> <span class='ocrx_word' id='word_1_201' title='bbox 2012 2136 2378 2194; x_wconf 88' lang='lat' dir='ltr'><strong>exercerent</strong></span> <span class='ocrx_word' id='word_1_202' title='bbox 2407 2127 2613 2211; x_wconf 89' lang='lat' dir='ltr'><strong>magis</strong></span> <span class='ocrx_word' id='word_1_203' title='bbox 2646 2148 2842 2210; x_wconf 90' lang='lat' dir='ltr'><strong>quam</strong></span> 
     </span>
     <span class='ocr_line' id='line_1_23' title="bbox 393 2214 2841 2296; baseline 0.001 -20"><span class='ocrx_word' id='word_1_204' title='bbox 393 2238 418 2275; x_wconf 90' lang='lat'><strong>3</strong></span> <span class='ocrx_word' id='word_1_205' title='bbox 445 2214 806 2296; x_wconf 88' lang='lat' dir='ltr'><strong>fatigarent,</strong></span> <span class='ocrx_word' id='word_1_206' title='bbox 876 2216 992 2279; x_wconf 91' lang='lat' dir='ltr'><strong>sub</strong></span> <span class='ocrx_word' id='word_1_207' title='bbox 1037 2215 1306 2280; x_wconf 90' lang='lat' dir='ltr'><strong>adsidua</strong></span> <span class='ocrx_word' id='word_1_208' title='bbox 1350 2222 1564 2279; x_wconf 89' lang='lat' dir='ltr'><strong>tamen</strong></span> <span class='ocrx_word' id='word_1_209' title='bbox 1608 2215 1832 2280; x_wconf 93' lang='lat' dir='ltr'><strong>militia</strong></span> <span class='ocrx_word' id='word_1_210' title='bbox 1891 2215 2112 2280; x_wconf 89' lang='lat' dir='ltr'><strong>fuerat.</strong></span> <span class='ocrx_word' id='word_1_211' title='bbox 2177 2222 2240 2280; x_wconf 90' lang='lat' dir='ltr'><strong>et</strong></span> <span class='ocrx_word' id='word_1_212' title='bbox 2299 2214 2407 2279; x_wconf 91' lang='lat' dir='ltr'><strong>diu</strong></span> <span class='ocrx_word' id='word_1_213' title='bbox 2466 2214 2841 2280; x_wconf 85' lang='lat' dir='ltr'><strong>meditatum</strong></span> 
     </span>
     <span class='ocr_line' id='line_1_24' title="bbox 445 2300 2839 2385; baseline 0 -21"><span class='ocrx_word' id='word_1_214' title='bbox 445 2300 740 2385; x_wconf 90' lang='lat' dir='ltr'><strong>Philippo</strong></span> <span class='ocrx_word' id='word_1_215' title='bbox 799 2302 1023 2385; x_wconf 90' lang='lat' dir='ltr'><strong>prim0,</strong></span> <span class='ocrx_word' id='word_1_216' title='bbox 1087 2300 1316 2366; x_wconf 91' lang='lat' dir='ltr'><strong>deinde</strong></span> <span class='ocrx_word' id='word_1_217' title='bbox 1377 2309 1440 2367; x_wconf 91' lang='lat' dir='ltr'><strong>et</strong></span> <span class='ocrx_word' id='word_1_218' title='bbox 1498 2302 1716 2367; x_wconf 89' lang='lat' dir='ltr'><strong>Persei</strong></span> <span class='ocrx_word' id='word_1_219' title='bbox 1762 2303 2113 2367; x_wconf 88' lang='lat' dir='ltr'><strong>Romanum</strong></span> <span class='ocrx_word' id='word_1_220' title='bbox 2171 2301 2425 2382; x_wconf 91' lang='lat' dir='ltr'><strong>bellum,</strong></span> <span class='ocrx_word' id='word_1_221' title='bbox 2496 2302 2711 2367; x_wconf 87' lang='lat' dir='ltr'><strong>omnia</strong></span> <span class='ocrx_word' id='word_1_222' title='bbox 2771 2307 2839 2365; x_wconf 93' lang='lat' dir='ltr'><strong>ut</strong></span> 
     </span>
     <span class='ocr_line' id='line_1_25' title="bbox 392 2387 2838 2473; baseline 0.001 -25"><span class='ocrx_word' id='word_1_223' title='bbox 392 2410 418 2448; x_wconf 82' lang='lat'>4</span> <span class='ocrx_word' id='word_1_224' title='bbox 444 2387 749 2452; x_wconf 89' lang='lat' dir='ltr'><strong>instructa</strong></span> <span class='ocrx_word' id='word_1_225' title='bbox 791 2395 1143 2472; x_wconf 88' lang='lat' dir='ltr'><strong>parataque</strong></span> <span class='ocrx_word' id='word_1_226' title='bbox 1204 2395 1432 2469; x_wconf 91' lang='lat' dir='ltr'><strong>essent,</strong></span> <span class='ocrx_word' id='word_1_227' title='bbox 1495 2388 1810 2453; x_wconf 89' lang='lat' dir='ltr'><strong>effecerat.</strong></span> <span class='ocrx_word' id='word_1_228' title='bbox 1874 2396 2047 2453; x_wconf 90' lang='lat' dir='ltr'><strong>mota</strong></span> <span class='ocrx_word' id='word_1_229' title='bbox 2089 2408 2427 2473; x_wconf 88' lang='lat' dir='ltr'><strong>parumper</strong></span> <span class='ocrx_word' id='word_1_230' title='bbox 2471 2388 2662 2470; x_wconf 89' lang='lat' dir='ltr'><strong>acies,</strong></span> <span class='ocrx_word' id='word_1_231' title='bbox 2710 2408 2838 2453; x_wconf 92' lang='lat' dir='ltr'><strong>non</strong></span> 
     </span>
     <span class='ocr_line' id='line_1_26' title="bbox 443 2467 2907 2556; baseline 0.001 -19"><span class='ocrx_word' id='word_1_232' title='bbox 443 2467 609 2539; x_wconf 69' lang='lat' dir='ltr'><strong>iusto</strong></span> <span class='ocrx_word' id='word_1_233' title='bbox 672 2473 941 2539; x_wconf 89' lang='lat' dir='ltr'><strong>decursu</strong></span> <span class='ocrx_word' id='word_1_234' title='bbox 999 2481 1231 2555; x_wconf 90' lang='lat' dir='ltr'><strong>tamen,</strong></span> <span class='ocrx_word' id='word_1_235' title='bbox 1299 2496 1378 2539; x_wconf 93' lang='lat' dir='ltr'><strong>ne</strong></span> <span class='ocrx_word' id='word_1_236' title='bbox 1447 2475 1697 2540; x_wconf 87' lang='lat' dir='ltr'><strong>stetisse</strong></span> <span class='ocrx_word' id='word_1_237' title='bbox 1763 2482 2006 2540; x_wconf 90' lang='lat' dir='ltr'><strong>tantum</strong></span> <span class='ocrx_word' id='word_1_238' title='bbox 2063 2475 2129 2538; x_wconf 93' lang='lat' dir='ltr'><strong>in</strong></span> <span class='ocrx_word' id='word_1_239' title='bbox 2189 2474 2378 2539; x_wconf 92' lang='lat' dir='ltr'><strong>armis</strong></span> <span class='ocrx_word' id='word_1_240' title='bbox 2521 2473 2831 2556; x_wconf 73' lang='lat' dir='ltr'><strong>&#39;erentur3</strong></span> <span class='ocrx_word' id='word_1_241' title='bbox 2861 2482 2907 2520; x_wconf 75' lang='lat'><strong>2⁵</strong></span> 
     </span>
     <span class='ocr_line' id='line_1_27' title="bbox 393 2561 2837 2645; baseline 0 -22"><span class='ocrx_word' id='word_1_242' title='bbox 393 2584 418 2623; x_wconf 88' lang='lat'>5</span> <span class='ocrx_word' id='word_1_243' title='bbox 446 2568 866 2643; x_wconf 90' lang='lat' dir='ltr'><strong>armatosque,</strong></span> <span class='ocrx_word' id='word_1_244' title='bbox 928 2561 1089 2626; x_wconf 90' lang='lat' dir='ltr'><strong>sicut</strong></span> <span class='ocrx_word' id='word_1_245' title='bbox 1135 2568 1331 2642; x_wconf 89' lang='lat' dir='ltr'><strong>erant,</strong></span> <span class='ocrx_word' id='word_1_246' title='bbox 1394 2561 1478 2625; x_wconf 91' lang='lat' dir='ltr'><strong>ad</strong></span> <span class='ocrx_word' id='word_1_247' title='bbox 1526 2561 1883 2626; x_wconf 90' lang='lat' dir='ltr'><strong>contionem</strong></span> <span class='ocrx_word' id='word_1_248' title='bbox 1926 2562 2200 2627; x_wconf 81' lang='lat' dir='ltr'><strong>vocavit.</strong></span> <span class='ocrx_word' id='word_1_249' title='bbox 2263 2562 2402 2645; x_wconf 88' lang='lat' dir='ltr'><strong>ipse</strong></span> <span class='ocrx_word' id='word_1_250' title='bbox 2448 2562 2730 2626; x_wconf 89' lang='lat' dir='ltr'><strong>constitit</strong></span> <span class='ocrx_word' id='word_1_251' title='bbox 2774 2562 2837 2624; x_wconf 90' lang='lat' dir='ltr'><strong>in</strong></span> 
     </span>
     <span class='ocr_line' id='line_1_28' title="bbox 444 2647 2836 2733; baseline 0 -23"><span class='ocrx_word' id='word_1_252' title='bbox 444 2647 758 2728; x_wconf 90' lang='lat' dir='ltr'><strong>tribunali,</strong></span> <span class='ocrx_word' id='word_1_253' title='bbox 821 2647 989 2712; x_wconf 88' lang='lat' dir='ltr'><strong>circa</strong></span> <span class='ocrx_word' id='word_1_254' title='bbox 1033 2667 1102 2713; x_wconf 88' lang='lat' dir='ltr'><strong>se</strong></span> <span class='ocrx_word' id='word_1_255' title='bbox 1148 2647 1390 2712; x_wconf 90' lang='lat' dir='ltr'><strong>habens</strong></span> <span class='ocrx_word' id='word_1_256' title='bbox 1448 2647 1612 2713; x_wconf 91' lang='lat' dir='ltr'><strong>filios</strong></span> <span class='ocrx_word' id='word_1_257' title='bbox 1673 2648 1852 2728; x_wconf 88' lang='grc'>(11108,</span> <span class='ocrx_word' id='word_1_258' title='bbox 1922 2667 2186 2729; x_wconf 85' lang='grc'>(1110111111</span> <span class='ocrx_word' id='word_1_259' title='bbox 2245 2648 2446 2713; x_wconf 90' lang='lat' dir='ltr'><strong>maior</strong></span> <span class='ocrx_word' id='word_1_260' title='bbox 2504 2647 2836 2733; x_wconf 87' lang='lat' dir='ltr'><strong>Philippus</strong></span> 
     </span>
    </p>
   </div>
   <div class='ocr_carea' id='block_1_4' title="bbox 443 2789 858 2796">
    <p class='ocr_par' dir='ltr' id='par_1_9' title="bbox 443 2789 858 2796">
     <span class='ocr_line' id='line_1_29' title="bbox 443 2789 858 2796; baseline 0 0"><span class='ocrx_word' id='word_1_261' title='bbox 443 2789 858 2796; x_wconf 95' lang='lat' dir='ltr'><strong> </strong></span> 
     </span>
    </p>
   </div>
   <div class='ocr_carea' id='block_1_5' title="bbox 444 2854 2870 3283">
    <p class='ocr_par' dir='ltr' id='par_1_10' title="bbox 444 2854 2870 3283">
     <span class='ocr_line' id='line_1_30' title="bbox 655 2854 2834 2925; baseline 0.001 -18"><span class='ocrx_word' id='word_1_262' title='bbox 655 2860 701 2909; x_wconf 91' lang='lat'><strong>1.</strong></span> <span class='ocrx_word' id='word_1_263' title='bbox 738 2857 944 2910; x_wconf 92' lang='lat' dir='ltr'><strong>Pheon.</strong></span> <span class='ocrx_word' id='word_1_264' title='bbox 979 2856 987 2921; x_wconf 95' lang='grc' dir='ltr'>Ι</span> <span class='ocrx_word' id='word_1_265' title='bbox 1019 2860 1067 2909; x_wconf 92' lang='grc'><strong>2.</strong></span> <span class='ocrx_word' id='word_1_266' title='bbox 1105 2856 2374 2924; x_wconf 85' lang='lat' dir='ltr'><strong>praefectusasclepiodotoabheracleaexintris</strong></span> <span class='ocrx_word' id='word_1_267' title='bbox 2413 2854 2718 2925; x_wconf 83' lang='lat' dir='ltr'><strong>(praefecto</strong></span> <span class='ocrx_word' id='word_1_268' title='bbox 2736 2858 2834 2911; x_wconf 89' lang='lat' dir='ltr'><strong>As-</strong></span> 
     </span>
     <span class='ocr_line' id='line_1_31' title="bbox 445 2940 2835 3012; baseline 0.001 -17"><span class='ocrx_word' id='word_1_269' title='bbox 445 2942 786 3010; x_wconf 85' lang='lat' dir='ltr'><strong>clepiodot03</strong></span> <span class='ocrx_word' id='word_1_270' title='bbox 824 2944 892 2996; x_wconf 88' lang='lat' dir='ltr'><strong>ab</strong></span> <span class='ocrx_word' id='word_1_271' title='bbox 932 2943 1202 2997; x_wconf 86' lang='lat' dir='ltr'><strong>Heraclea</strong></span> <span class='ocrx_word' id='word_1_272' title='bbox 1237 2960 1305 2996; x_wconf 89' lang='lat' dir='ltr'><strong>ex</strong></span> <span class='ocrx_word' id='word_1_273' title='bbox 1342 2941 1533 2997; x_wconf 88' lang='lat' dir='ltr'><strong>Sintiis</strong></span> <span class='ocrx_word' id='word_1_274' title='bbox 1570 2946 1647 2997; x_wconf 85' lang='lat' dir='ltr'><strong>ed.</strong></span> <span class='ocrx_word' id='word_1_275' title='bbox 1682 2944 1813 2997; x_wconf 76' lang='lat' dir='ltr'><strong>Bas.</strong></span> <span class='ocrx_word' id='word_1_276' title='bbox 1845 2940 2035 3010; x_wconf 93' lang='grc'>1531),</span> <span class='ocrx_word' id='word_1_277' title='bbox 2072 2943 2387 3011; x_wconf 87' lang='lat' dir='ltr'><strong>praefectus</strong></span> <span class='ocrx_word' id='word_1_278' title='bbox 2410 2944 2835 3012; x_wconf 83' lang='lat' dir='ltr'><strong>Asclepiodotos</strong></span> 
     </span>
     <span class='ocr_line' id='line_1_32' title="bbox 444 3028 2870 3099; baseline 0.001 -17"><span class='ocrx_word' id='word_1_279' title='bbox 444 3030 512 3082; x_wconf 86' lang='lat' dir='ltr'><strong>ab</strong></span> <span class='ocrx_word' id='word_1_280' title='bbox 549 3029 817 3084; x_wconf 85' lang='lat' dir='ltr'><strong>Heraclea</strong></span> <span class='ocrx_word' id='word_1_281' title='bbox 853 3046 923 3083; x_wconf 88' lang='lat' dir='ltr'><strong>ex</strong></span> <span class='ocrx_word' id='word_1_282' title='bbox 961 3029 1146 3083; x_wconf 87' lang='lat' dir='ltr'><strong>Sintis.</strong></span> <span class='ocrx_word' id='word_1_283' title='bbox 1185 3030 1376 3082; x_wconf 84' lang='lat' dir='ltr'><strong>Hartel</strong></span> <span class='ocrx_word' id='word_1_284' title='bbox 1410 3032 1600 3099; x_wconf 75' lang='lat' dir='ltr'><strong>ephem.</strong></span> <span class='ocrx_word' id='word_1_285' title='bbox 1637 3030 1816 3084; x_wconf 82' lang='lat' dir='ltr'><strong>Austr.</strong></span> <span class='ocrx_word' id='word_1_286' title='bbox 1855 3028 2006 3083; x_wconf 86' lang='grc'>1866</span> <span class='ocrx_word' id='word_1_287' title='bbox 2034 3049 2092 3099; x_wconf 80' lang='lat' dir='ltr'><strong>p.</strong></span> <span class='ocrx_word' id='word_1_288' title='bbox 2132 3029 2167 3083; x_wconf 81' lang='lat'><em>8</em></span> <span class='ocrx_word' id='word_1_289' title='bbox 2210 3029 2513 3098; x_wconf 86' lang='lat' dir='ltr'><strong>(praefecto</strong></span> <span class='ocrx_word' id='word_1_290' title='bbox 2548 3031 2833 3099; x_wconf 83' lang='lat' dir='ltr'><strong>Asclepio-</strong></span> <span class='ocrx_word' id='word_1_291' title='bbox 2859 3047 2870 3059; x_wconf 93' lang='grc'><em>·</em></span> 
     </span>
     <span class='ocr_line' id='line_1_33' title="bbox 445 3111 2830 3185; baseline 0.001 -17"><span class='ocrx_word' id='word_1_292' title='bbox 445 3116 575 3169; x_wconf 88' lang='grc'>(1010</span> <span class='ocrx_word' id='word_1_293' title='bbox 613 3118 682 3170; x_wconf 89' lang='lat' dir='ltr'><strong>ab</strong></span> <span class='ocrx_word' id='word_1_294' title='bbox 717 3116 991 3169; x_wconf 87' lang='lat' dir='ltr'><strong>Heraclea</strong></span> <span class='ocrx_word' id='word_1_295' title='bbox 1027 3133 1098 3170; x_wconf 88' lang='lat' dir='ltr'><strong>ex</strong></span> <span class='ocrx_word' id='word_1_296' title='bbox 1134 3116 1325 3170; x_wconf 91' lang='lat' dir='ltr'><strong>Sintis.</strong></span> <span class='ocrx_word' id='word_1_297' title='bbox 1362 3116 1584 3185; x_wconf 67' lang='lat' dir='ltr'><strong>Madvig]</strong></span> <span class='ocrx_word' id='word_1_298' title='bbox 1609 3117 1729 3169; x_wconf 89' lang='lat' dir='ltr'><strong>Em.</strong></span> <span class='ocrx_word' id='word_1_299' title='bbox 1766 3118 1830 3169; x_wconf 89' lang='lat' dir='ltr'><strong>L.</strong></span> <span class='ocrx_word' id='word_1_300' title='bbox 1847 3132 1907 3179; x_wconf 80' lang='lat' dir='ltr'><strong>p.</strong></span> <span class='ocrx_word' id='word_1_301' title='bbox 1945 3114 2097 3184; x_wconf 84' lang='grc'>651).</span> <span class='ocrx_word' id='word_1_302' title='bbox 2130 3113 2138 3182; x_wconf 98' lang='grc' dir='ltr'>Ι</span> <span class='ocrx_word' id='word_1_303' title='bbox 2171 3121 2218 3169; x_wconf 90' lang='grc'><strong>4.</strong></span> <span class='ocrx_word' id='word_1_304' title='bbox 2246 3134 2794 3185; x_wconf 86' lang='lat' dir='ltr'><strong>parmenenumerus.</strong></span> <span class='ocrx_word' id='word_1_305' title='bbox 2822 3111 2830 3183; x_wconf 96' lang='grc' dir='ltr'>Ι</span> 
     </span>
     <span class='ocr_line' id='line_1_34' title="bbox 444 3200 2833 3283; baseline 0.001 -28"><span class='ocrx_word' id='word_1_306' title='bbox 444 3219 615 3283; x_wconf 78' lang='lat' dir='ltr'><strong>suoss.</strong></span> <span class='ocrx_word' id='word_1_307' title='bbox 671 3201 680 3266; x_wconf 94' lang='grc' dir='ltr'>Ι</span> <span class='ocrx_word' id='word_1_308' title='bbox 734 3203 783 3255; x_wconf 85' lang='grc'><strong>5.</strong></span> <span class='ocrx_word' id='word_1_309' title='bbox 833 3201 1318 3257; x_wconf 88' lang='lat' dir='ltr'><strong>Lacaedemonius.</strong></span> <span class='ocrx_word' id='word_1_310' title='bbox 1392 3201 1401 3269; x_wconf 97' lang='grc' dir='ltr'>Ι</span> <span class='ocrx_word' id='word_1_311' title='bbox 1469 3202 2209 3270; x_wconf 85' lang='lat' dir='ltr'><strong>exgraeciammissogenere.</strong></span> <span class='ocrx_word' id='word_1_312' title='bbox 2278 3200 2286 3268; x_wconf 93' lang='grc' dir='ltr'>Ι</span> <span class='ocrx_word' id='word_1_313' title='bbox 2353 3206 2402 3256; x_wconf 92' lang='grc'><strong>6.</strong></span> <span class='ocrx_word' id='word_1_314' title='bbox 2440 3203 2833 3272; x_wconf 83' lang='lat' dir='ltr'><strong>regisgeneris-</strong></span> 
     </span>
    </p>
   </div>
   <div class='ocr_carea' id='block_1_6' title="bbox 442 3301 2831 3390">
    <p class='ocr_par' dir='ltr' id='par_1_11' title="bbox 442 3301 2831 3390">
     <span class='ocr_line' id='line_1_35' title="bbox 442 3301 2831 3390; baseline 0.002 -33"><span class='ocrx_word' id='word_1_315' title='bbox 442 3305 673 3359; x_wconf 88' lang='lat' dir='ltr'><strong>ferebat.</strong></span> <span class='ocrx_word' id='word_1_316' title='bbox 707 3304 715 3372; x_wconf 96' lang='grc' dir='ltr'>Ι</span> <span class='ocrx_word' id='word_1_317' title='bbox 747 3310 796 3359; x_wconf 91' lang='grc'><strong>7.</strong></span> <span class='ocrx_word' id='word_1_318' title='bbox 833 3307 1163 3361; x_wconf 87' lang='lat' dir='ltr'><strong>Acheorum.</strong></span> <span class='ocrx_word' id='word_1_319' title='bbox 1197 3306 1205 3372; x_wconf 96' lang='grc' dir='ltr'>Ι</span> <span class='ocrx_word' id='word_1_320' title='bbox 1235 3309 1285 3361; x_wconf 88' lang='grc'><strong>8.</strong></span> <span class='ocrx_word' id='word_1_321' title='bbox 1325 3306 1616 3375; x_wconf 87' lang='lat' dir='ltr'><strong>depressis.</strong></span> <span class='ocrx_word' id='word_1_322' title='bbox 1666 3304 1675 3372; x_wconf 94' lang='grc' dir='ltr'>Ι</span> <span class='ocrx_word' id='word_1_323' title='bbox 1717 3307 2347 3361; x_wconf 84' lang='lat' dir='ltr'><strong>Aetolumetboetorum.</strong></span> <span class='ocrx_word' id='word_1_324' title='bbox 2398 3304 2407 3373; x_wconf 94' lang='grc' dir='ltr'>Ι</span> <span class='ocrx_word' id='word_1_325' title='bbox 2461 3309 2510 3360; x_wconf 87' lang='grc'><strong>9.</strong></span> <span class='ocrx_word' id='word_1_326' title='bbox 2551 3308 2790 3390; x_wconf 72' lang='lat' dir='ltr'><strong>quami*.</strong></span> <span class='ocrx_word' id='word_1_327' title='bbox 2822 3301 2831 3373; x_wconf 96' lang='grc' dir='ltr'>Ι</span> 
     </span>
    </p>
   </div>
   <div class='ocr_carea' id='block_1_7' title="bbox 442 3407 2834 3653">
    <p class='ocr_par' dir='ltr' id='par_1_12' title="bbox 442 3407 2834 3653">
     <span class='ocr_line' id='line_1_36' title="bbox 442 3407 2834 3479; baseline 0.002 -18"><span class='ocrx_word' id='word_1_328' title='bbox 442 3409 644 3463; x_wconf 84' lang='grc' dir='ltr'>Αο0118.</span> <span class='ocrx_word' id='word_1_329' title='bbox 729 3407 738 3476; x_wconf 91' lang='grc' dir='ltr'>Ι</span> <span class='ocrx_word' id='word_1_330' title='bbox 838 3413 917 3463; x_wconf 94' lang='grc'><strong>12.</strong></span> <span class='ocrx_word' id='word_1_331' title='bbox 956 3410 1065 3465; x_wconf 85' lang='lat' dir='ltr'><strong>tria</strong></span> <span class='ocrx_word' id='word_1_332' title='bbox 1117 3413 1240 3464; x_wconf 86' lang='lat' dir='ltr'><strong>add.</strong></span> <span class='ocrx_word' id='word_1_333' title='bbox 1295 3414 1371 3464; x_wconf 85' lang='lat' dir='ltr'><strong>ed.</strong></span> <span class='ocrx_word' id='word_1_334' title='bbox 1407 3411 1538 3464; x_wconf 87' lang='lat' dir='ltr'><strong>Bas.</strong></span> <span class='ocrx_word' id='word_1_335' title='bbox 1576 3410 1743 3465; x_wconf 86' lang='lat'><em>1531.</em></span> <span class='ocrx_word' id='word_1_336' title='bbox 1822 3409 1831 3477; x_wconf 90' lang='grc' dir='ltr'>Ι</span> <span class='ocrx_word' id='word_1_337' title='bbox 1910 3411 2289 3466; x_wconf 88' lang='lat' dir='ltr'><strong>Coteseuthis*</strong></span> <span class='ocrx_word' id='word_1_338' title='bbox 2346 3408 2541 3479; x_wconf 84' lang='lat' dir='ltr'><strong>(Cotys</strong></span> <span class='ocrx_word' id='word_1_339' title='bbox 2598 3412 2834 3466; x_wconf 84' lang='lat' dir='ltr'><strong>Seuthae</strong></span> 
     </span>
     <span class='ocr_line' id='line_1_37' title="bbox 443 3494 2834 3566; baseline 0.002 -19"><span class='ocrx_word' id='word_1_340' title='bbox 443 3497 519 3547; x_wconf 86' lang='lat' dir='ltr'><strong>ed.</strong></span> <span class='ocrx_word' id='word_1_341' title='bbox 556 3496 683 3547; x_wconf 79' lang='lat' dir='ltr'><strong>Bas,</strong></span> <span class='ocrx_word' id='word_1_342' title='bbox 722 3494 909 3564; x_wconf 89' lang='grc'>1531),</span> <span class='ocrx_word' id='word_1_343' title='bbox 948 3497 1155 3563; x_wconf 85' lang='lat' dir='ltr'><strong>Cothys</strong></span> <span class='ocrx_word' id='word_1_344' title='bbox 1193 3497 1414 3551; x_wconf 85' lang='lat' dir='ltr'><strong>Seuthis</strong></span> <span class='ocrx_word' id='word_1_345' title='bbox 1451 3498 1625 3550; x_wconf 80' lang='lat' dir='ltr'><strong>Hertz.</strong></span> <span class='ocrx_word' id='word_1_346' title='bbox 1669 3497 1678 3562; x_wconf 94' lang='grc' dir='ltr'>Ι</span> <span class='ocrx_word' id='word_1_347' title='bbox 1724 3501 1804 3551; x_wconf 88' lang='grc'><strong>13.</strong></span> <span class='ocrx_word' id='word_1_348' title='bbox 1842 3497 2140 3566; x_wconf 85' lang='lat' dir='ltr'><strong>pariferme</strong></span> <span class='ocrx_word' id='word_1_349' title='bbox 2175 3507 2311 3551; x_wconf 86' lang='lat' dir='ltr'><strong>recte</strong></span> <span class='ocrx_word' id='word_1_350' title='bbox 2345 3501 2455 3551; x_wconf 86' lang='lat' dir='ltr'><strong>cod.</strong></span> <span class='ocrx_word' id='word_1_351' title='bbox 2494 3496 2626 3563; x_wconf 78' lang='lat' dir='ltr'><strong>(non</strong></span> <span class='ocrx_word' id='word_1_352' title='bbox 2661 3499 2834 3566; x_wconf 82' lang='lat' dir='ltr'><strong>parti-</strong></span> 
     </span>
     <span class='ocr_line' id='line_1_38' title="bbox 442 3582 2834 3653; baseline 0.002 -19"><span class='ocrx_word' id='word_1_353' title='bbox 442 3582 632 3636; x_wconf 87' lang='lat' dir='ltr'><strong>ferme.</strong></span> <span class='ocrx_word' id='word_1_354' title='bbox 671 3584 742 3652; x_wconf 71' lang='lat' dir='ltr'><strong>cf.</strong></span> <span class='ocrx_word' id='word_1_355' title='bbox 784 3584 1056 3636; x_wconf 83' lang='lat' dir='ltr'><strong>G&#39;itlbauer</strong></span> <span class='ocrx_word' id='word_1_356' title='bbox 1084 3603 1141 3653; x_wconf 81' lang='lat' dir='ltr'><strong>p.</strong></span> <span class='ocrx_word' id='word_1_357' title='bbox 1182 3583 1324 3649; x_wconf 80' lang='lat'><strong>76)*.</strong></span> <span class='ocrx_word' id='word_1_358' title='bbox 1358 3582 1366 3650; x_wconf 92' lang='grc' dir='ltr'>Ι</span> <span class='ocrx_word' id='word_1_359' title='bbox 1402 3587 1482 3636; x_wconf 90' lang='grc'><strong>14.</strong></span> <span class='ocrx_word' id='word_1_360' title='bbox 1509 3583 1588 3637; x_wconf 88' lang='lat' dir='ltr'><strong>ita</strong></span> <span class='ocrx_word' id='word_1_361' title='bbox 1611 3602 1709 3637; x_wconf 89' lang='lat' dir='ltr'><strong>om.</strong></span> <span class='ocrx_word' id='word_1_362' title='bbox 1747 3586 1824 3637; x_wconf 87' lang='lat' dir='ltr'><strong>ed.</strong></span> <span class='ocrx_word' id='word_1_363' title='bbox 1855 3585 1985 3637; x_wconf 81' lang='lat' dir='ltr'><strong>Bas.</strong></span> <span class='ocrx_word' id='word_1_364' title='bbox 2020 3582 2177 3637; x_wconf 87' lang='grc'>1531.</span> <span class='ocrx_word' id='word_1_365' title='bbox 2209 3582 2218 3650; x_wconf 93' lang='grc' dir='ltr'>Ι</span> <span class='ocrx_word' id='word_1_366' title='bbox 2248 3584 2560 3639; x_wconf 90' lang='lat' dir='ltr'><strong>XXXVIIII</strong></span> <span class='ocrx_word' id='word_1_367' title='bbox 2582 3585 2834 3652; x_wconf 85' lang='lat' dir='ltr'><strong>peditum</strong></span> 
     </span>
    </p>
   </div>
   <div class='ocr_carea' id='block_1_8' title="bbox 379 3666 2833 3837">
    <p class='ocr_par' dir='ltr' id='par_1_13' title="bbox 379 3666 2833 3837">
     <span class='ocr_line' id='line_1_39' title="bbox 379 3666 2833 3739; baseline -0 -18"><span class='ocrx_word' id='word_1_368' title='bbox 379 3682 382 3685; x_wconf 79' lang='grc'>’</span> <span class='ocrx_word' id='word_1_369' title='bbox 447 3666 456 3734; x_wconf 94' lang='grc' dir='ltr'>Ι</span> <span class='ocrx_word' id='word_1_370' title='bbox 483 3672 564 3722; x_wconf 87' lang='grc'><strong>15.</strong></span> <span class='ocrx_word' id='word_1_371' title='bbox 585 3670 691 3722; x_wconf 93' lang='lat' dir='ltr'>IIII</span> <span class='ocrx_word' id='word_1_372' title='bbox 710 3670 978 3737; x_wconf 87' lang='lat' dir='ltr'><strong>equitum.</strong></span> <span class='ocrx_word' id='word_1_373' title='bbox 1011 3669 1021 3737; x_wconf 92' lang='grc' dir='ltr'>Ι</span> <span class='ocrx_word' id='word_1_374' title='bbox 1053 3674 1137 3724; x_wconf 88' lang='grc'><strong>20.</strong></span> <span class='ocrx_word' id='word_1_375' title='bbox 1159 3670 1886 3737; x_wconf 84' lang='lat' dir='ltr'><strong>cuiusmacedoniamagna.*</strong></span> <span class='ocrx_word' id='word_1_376' title='bbox 1916 3670 1925 3737; x_wconf 90' lang='grc' dir='ltr'>Ι</span> <span class='ocrx_word' id='word_1_377' title='bbox 1957 3675 2040 3724; x_wconf 92' lang='grc'><strong>21.</strong></span> <span class='ocrx_word' id='word_1_378' title='bbox 2061 3675 2294 3725; x_wconf 88' lang='lat' dir='ltr'><strong>tracum.</strong></span> <span class='ocrx_word' id='word_1_379' title='bbox 2327 3670 2336 3737; x_wconf 98' lang='grc' dir='ltr'>Ι</span> <span class='ocrx_word' id='word_1_380' title='bbox 2370 3688 2495 3739; x_wconf 85' lang='lat' dir='ltr'><strong>que.</strong></span> <span class='ocrx_word' id='word_1_381' title='bbox 2526 3670 2535 3735; x_wconf 95' lang='grc' dir='ltr'>Ι</span> <span class='ocrx_word' id='word_1_382' title='bbox 2567 3673 2655 3726; x_wconf 84' lang='grc'><strong>23.</strong></span> <span class='ocrx_word' id='word_1_383' title='bbox 2681 3668 2833 3726; x_wconf 88' lang='lat' dir='ltr'><strong>Persi</strong></span> 
     </span>
     <span class='ocr_line' id='line_1_40' title="bbox 444 3754 2833 3837; baseline 0.001 -29"><span class='ocrx_word' id='word_1_384' title='bbox 444 3758 520 3809; x_wconf 86' lang='lat' dir='ltr'><strong>ed.</strong></span> <span class='ocrx_word' id='word_1_385' title='bbox 557 3757 685 3809; x_wconf 81' lang='lat' dir='ltr'><strong>Bas.</strong></span> <span class='ocrx_word' id='word_1_386' title='bbox 724 3754 888 3810; x_wconf 78' lang='lat'><em>1531.</em></span> <span class='ocrx_word' id='word_1_387' title='bbox 921 3757 930 3822; x_wconf 91' lang='grc' dir='ltr'>Ι</span> <span class='ocrx_word' id='word_1_388' title='bbox 960 3757 1262 3837; x_wconf 77' lang='lat' dir='ltr'><strong>bellumu*.</strong></span> <span class='ocrx_word' id='word_1_389' title='bbox 1311 3757 1320 3822; x_wconf 90' lang='grc' dir='ltr'>Ι</span> <span class='ocrx_word' id='word_1_390' title='bbox 1370 3761 1454 3811; x_wconf 86' lang='grc'><strong>24.</strong></span> <span class='ocrx_word' id='word_1_391' title='bbox 1494 3757 1807 3811; x_wconf 85' lang='lat' dir='ltr'><strong>effecerant.</strong></span> <span class='ocrx_word' id='word_1_392' title='bbox 1857 3758 1867 3823; x_wconf 92' lang='grc' dir='ltr'>Ι</span> <span class='ocrx_word' id='word_1_393' title='bbox 1912 3761 2136 3811; x_wconf 85' lang='lat' dir='ltr'><strong>motam.</strong></span> <span class='ocrx_word' id='word_1_394' title='bbox 2187 3757 2196 3821; x_wconf 93' lang='grc' dir='ltr'>Ι</span> <span class='ocrx_word' id='word_1_395' title='bbox 2244 3760 2329 3810; x_wconf 90' lang='grc'><strong>27.</strong></span> <span class='ocrx_word' id='word_1_396' title='bbox 2367 3754 2833 3824; x_wconf 78' lang='grc'>(111080111118111101-</span> 
     </span>
    </p>
   </div>
   <div class='ocr_carea' id='block_1_9' title="bbox 446 3858 2833 3931">
    <p class='ocr_par' dir='ltr' id='par_1_14' title="bbox 446 3858 2833 3931">
     <span class='ocr_line' id='line_1_41' title="bbox 446 3858 2833 3931; baseline -0 -18"><span class='ocrx_word' id='word_1_397' title='bbox 446 3861 1144 3930; x_wconf 84' lang='lat' dir='ltr'><strong>quorumparsphilippus*‚</strong></span> <span class='ocrx_word' id='word_1_398' title='bbox 1195 3863 1332 3916; x_wconf 88' lang='lat' dir='ltr'><strong>duos</strong></span> <span class='ocrx_word' id='word_1_399' title='bbox 1382 3879 1616 3929; x_wconf 88' lang='lat' dir='ltr'><strong>quorum</strong></span> <span class='ocrx_word' id='word_1_400' title='bbox 1663 3862 1840 3916; x_wconf 88' lang='lat' dir='ltr'><strong>maior</strong></span> <span class='ocrx_word' id='word_1_401' title='bbox 1875 3862 2165 3931; x_wconf 87' lang='lat' dir='ltr'><strong>Philippus</strong></span> <span class='ocrx_word' id='word_1_402' title='bbox 2210 3864 2286 3914; x_wconf 82' lang='lat' dir='ltr'><strong>ed.</strong></span> <span class='ocrx_word' id='word_1_403' title='bbox 2324 3862 2453 3914; x_wconf 77' lang='lat' dir='ltr'><strong>Bas,</strong></span> <span class='ocrx_word' id='word_1_404' title='bbox 2495 3858 2659 3927; x_wconf 78' lang='lat'><em>1531,</em></span> <span class='ocrx_word' id='word_1_405' title='bbox 2698 3863 2833 3915; x_wconf 86' lang='lat' dir='ltr'><strong>duos</strong></span> 
     </span>
    </p>
   </div>
   <div class='ocr_carea' id='block_1_10' title="bbox 2977 1302 2980 2654">
    <p class='ocr_par' dir='ltr' id='par_1_15' title="bbox 2977 1302 2980 2654">
     <span class='ocr_line' id='line_1_42' title="bbox 2977 1302 2980 2654; baseline 0 0"><span class='ocrx_word' id='word_1_406' title='bbox 2977 1302 2980 2654; x_wconf 95' lang='lat' dir='ltr'><strong> </strong></span> 
     </span>
    </p>
   </div>
  </div>
 </body>
</html>
