3005 4257
130 1163 183 1204 10

127 1609 182 1652 15

121 2054 177 2096 20

731 166 957 219 LIBER
997 166 1198 221 XLIV.
1239 166 1404 219 CAP.
1443 167 1532 222 27.
1571 167 1655 220 28.
1697 168 1769 235 [a.
1808 167 1874 222 U.
1916 183 1961 221 c.
2001 168 2127 235 586]
2548 155 2628 216 41

222 362 445 424 agens,
523 364 713 426 quam
778 353 846 410 ut
911 352 1154 425 quanta
1223 344 1508 408 maxima
1570 353 1789 429 posset
1851 346 2097 428 praeda
2172 365 2253 410 ex
2318 366 2388 410 se
2463 346 2632 410 victo

221 433 526 498 Romanis
584 442 1035 498 reservaretur.
1104 442 1167 498 et
1230 435 1314 497 ab
1370 436 1658 499 Eumene
1716 435 2081 518 Herophon,
2146 435 2405 517 ignotiS,
2470 456 2634 516 quae
2672 459 2724 501 13

222 523 465 586 occulte
514 530 660 587 acta
708 529 910 603 erant,
961 523 1147 587 redit.
1196 524 1277 587 de
1328 523 1608 606 captivis
1656 530 1869 589 actum
1910 544 2052 589 esse
2091 531 2154 587 et
2201 524 2328 606 ipsi
2377 524 2632 609 evolga-

220 618 446 674 verant
512 619 575 675 et
640 613 959 677 Eumenes
1018 615 1344 677 consulem
1412 613 1722 678 vitandae
1788 613 2176 696 suspicionis
2243 633 2438 678 causa
2505 634 2635 677 cer-

220 701 446 764 tiorem
495 699 664 765 fecit.

435 790 741 856 XXVIII.
804 791 1080 855 Perseus
1144 799 1290 874 post
1354 790 1632 855 reditum
1698 791 1780 854 ab
1846 792 2133 855 Eumene
2199 791 2633 874 Herophontis

222 897 336 960 spe
406 879 693 943 deiectus
758 881 1149 944 Antenorem
1217 888 1279 944 et
1341 881 1703 963 Callippum
1770 879 2131 963 praefectos
2197 881 2634 946 classisfcum

221 968 657 1050 quadraginta
722 970 954 1033 lembis
1021 1008 1107 1016 —
1174 969 1467 1034 adiectae
1544 969 1629 1033 ad
1704 968 1870 1034 hunc
1947 989 2279 1034 numerum
2354 970 2635 1050 quinque

220 1057 454 1137 pristes
502 1068 684 1122 erant
732 1096 818 1104 --
864 1060 1194 1124 Tenedum
1243 1059 1456 1137 mittit,
1510 1065 1581 1122 ut
1626 1058 1781 1122 inde
1837 1078 2099 1142 sparsas
2155 1078 2269 1142 per
2316 1059 2633 1142 Cycladas

222 1146 468 1210 insulas
526 1168 746 1227 naves,
800 1147 1248 1213 Macedoniam
1304 1169 1446 1213 cum
1502 1146 1824 1212 frumento
1880 1154 2194 1231 petenteS,
2259 1153 2634 1212 tutarentur.

223 1235 672 1300 Cassandreae
730 1237 1045 1302 deductae
1102 1258 1303 1302 naves
1362 1238 1424 1301 in
1481 1246 1704 1319 portus
1761 1237 2051 1320 primum,
2118 1238 2226 1319 qui
2289 1239 2408 1302 sub
2466 1237 2636 1301 Atho

224 1334 438 1389 monte
478 1333 640 1406 sunt,
685 1326 839 1389 inde
877 1326 1208 1392 Tenedum
1248 1326 1508 1410 placido
1548 1326 1711 1390 mari
1747 1346 1891 1391 cum
1930 1326 2354 1406 traiecissent,
2402 1326 2636 1391 stantis

223 1413 288 1476 in
327 1421 515 1497 portu
553 1416 840 1480 Rhodias
879 1424 1139 1498 apertas
1179 1437 1381 1480 naves
1419 1415 1928 1497 Eudamumque,
1966 1414 2358 1499 praefectum
2400 1436 2636 1495 earum,

221 1503 567 1569 inviolatos
625 1513 817 1585 atque
884 1507 1078 1570 etiam
1147 1506 1422 1588 benigne
1490 1506 1857 1587 appellatos
1922 1505 2317 1570 dimiserunt.
2382 1505 2636 1587 cognito

221 1592 473 1674 deinde,
521 1594 587 1658 in
628 1595 829 1659 latere
869 1596 1070 1658 altero
1109 1595 1585 1676 quinquaginta
1625 1595 1950 1658 onerarias
1990 1615 2264 1675 suarum,
2313 1595 2636 1658 stantibus

221 1682 285 1744 in
335 1684 500 1747 ostio
555 1694 777 1766 portus
825 1684 1133 1747 Eumenis
1191 1683 1504 1763 rostratis,
1563 1684 1793 1764 quibus
1842 1685 2112 1748 Damius
2169 1692 2486 1766 praeerat,
2545 1684 2639 1747 in-

223 1772 434 1836 clusas
483 1791 644 1846 esse,
704 1773 1173 1836 circumvectus
1220 1791 1490 1855 propere
1549 1793 1624 1836 ac
1672 1772 2008 1838 summotis
2059 1782 2298 1836 terrore
2357 1772 2638 1837 hostium

221 1859 516 1939 navibuS,
573 1862 902 1925 onerarias
963 1862 1151 1941 datis,
1208 1863 1318 1943 qui
1375 1869 1931 1945 prosequerentur,
1997 1861 2222 1925 decem
2276 1862 2514 1926 lembis
2571 1862 2635 1924 in

220 1949 666 2013 Macedoniam
717 1950 929 2031 mittit,
975 1950 1068 2014 ita
1113 1956 1183 2015 ut
1229 1951 1296 2014 in
1343 1959 1551 2015 tutum
1590 1951 1914 2033 prosecuti
1961 1951 2241 2015 redirent
2287 1951 2637 2015 Tenedum.

224 2058 392 2101 nono
449 2046 595 2121 post
653 2039 759 2103 die
817 2040 901 2104 ad
959 2040 1237 2105 classem
1292 2040 1424 2104 iam
1491 2040 1579 2104 ad
1637 2040 1898 2122 Sigeum
1955 2048 2235 2104 stantem
2292 2041 2635 2105 redierunt.

221 2127 374 2192 inde
423 2128 667 2194 Subota
705 2167 791 2176 —-
829 2128 1043 2195 insula
1081 2137 1180 2195 est
1217 2131 1554 2195 interiecta
1600 2131 1842 2195 Elaeae
1882 2138 1944 2195 et
1984 2130 2146 2196 Chio
2185 2168 2273 2202 ÷-
2310 2130 2635 2195 traiciunt.

440 2361 485 2412 1.
524 2365 807 2428 quantam.
842 2363 850 2429 Ι
883 2361 1528 2433 praedallexedictouicto
1580 2362 1812 2428 (praeda
1858 2376 1926 2414 ex
1966 2361 2117 2414 victo
2158 2360 2238 2413 ed.
2276 2359 2415 2412 Bas,
2453 2362 2634 2427 1531),

220 2449 438 2517 praeda
485 2465 555 2503 ex
601 2466 662 2504 se
710 2449 861 2504 victo
909 2450 1190 2519 Kreyssiq,
1242 2451 1453 2518 praeda
1502 2466 1571 2504 ex
1619 2466 1680 2504 se
1732 2449 1955 2504 devicto
2012 2448 2395 2502 Weissenborn
2449 2449 2512 2500 in
2556 2447 2636 2500 ed.

227 2538 433 2591 Tenbn.
472 2538 560 2605 (de
597 2540 799 2592 erroris
828 2541 1035 2607 oriyine
1062 2541 1133 2608 cf.
1169 2538 1237 2593 G.
1267 2540 1525 2593 Heraens
1554 2546 1762 2607 quaest.
1794 2540 1911 2592 crit.
1942 2538 2065 2592 Liv.
2085 2555 2147 2606 p.
2184 2541 2294 2605 66).
2330 2539 2338 2605 Ι
2371 2539 2421 2590 2.
2458 2537 2638 2590 hiero-

222 2627 701 2699 ponimOignosst-iS,
738 2629 1064 2696 Hierophon
1103 2630 1313 2696 ignotis
1350 2629 1579 2683 Bekker.
1649 2635 1659 2694 Ι
1729 2628 2133 2698 quemocculta,
2183 2644 2321 2681 cor-r.
2367 2627 2448 2679 ed.
2501 2627 2636 2679 Bas,

218 2717 506 2783 1531.16.
546 2718 926 2787 eropontispe,
975 2735 1112 2772 corr.
1160 2718 1371 2771 Bekker
1417 2718 1821 2785 (Herophontis
1868 2718 2025 2784 pacis
2082 2733 2181 2783 spe
2235 2714 2633 2785 I‘Vesenbery).l

218 2806 272 2859 9.
301 2805 976 2875 pristiseranttenendum,
1008 2824 1147 2862 corr.
1179 2807 1257 2861 ed.
1289 2808 1428 2860 Bas,
1448 2810 1610 2860 1531.
1645 2808 1653 2874 Ι
1687 2822 1935 2874 sparsae,
1976 2822 2201 2872 sparsas
2239 2805 2638 2859 Drakenborch

216 2894 427 2962 (sparsi
470 2894 699 2963 Crevier,
742 2896 952 2963 Hertz).
1004 2898 1011 2964 Ι
1066 2896 1149 2949 10.
1190 2896 1854 2951 mnauemmacedoniam.
1888 2899 1895 2961 Ι
1929 2899 2256 2948 tutaremur.
2298 2895 2306 2960 Ι
2359 2895 2442 2948 12.
2483 2899 2637 2946 sunt·

220 2982 613 3052 detenendum,
662 3001 799 3039 corr.
848 2985 930 3038 ed.
978 2986 1116 3038 Bas.
1164 2987 1323 3037 1531.
1394 2986 1402 3053 Ι
1472 2984 1707 3056 satssisin,
1756 2987 1971 3038 stantes
2019 2984 2077 3036 in
2123 2983 2204 3036 ed.
2241 2983 2379 3036 Bas.
2429 2986 2632 3052 1531.!

225 3071 307 3124 13.
348 3072 595 3127 rhodios.
630 3077 637 3140 Ι
670 3075 1324 3145 navesssseudamumque.
1361 3076 1367 3142 Ι
1412 3082 1540 3130 eare
1578 3091 1754 3142 supra
1788 3076 1989 3141 scripto
2028 3091 2080 3128 u.
2132 3075 2139 3142 Ι
2194 3075 2276 3127 14.
2314 3074 2636 3140 inuiolatus,

219 3162 526 3216 inviolatos
565 3163 616 3215 Ι.
654 3163 723 3216 F.
769 3163 1096 3232 Gronovim,
1144 3164 1450 3218 inviolatas
1498 3164 1579 3217 ed.
1618 3164 1757 3217 Bas.
1795 3167 1954 3216 1531.
2015 3165 2022 3230 Ι
2080 3163 2284 3232 adque.
2343 3166 2349 3231 Ι
2409 3163 2636 3232 cognito

219 3251 424 3305 deinde
460 3250 807 3320 (Antenor),
847 3254 901 3305 in
939 3269 1083 3321 susp.
1131 3252 1344 3322 Ussiny,
1393 3252 1714 3321 Wesenberg]
1739 3270 1802 3320 p.
1844 3256 1980 3306 326.
2024 3255 2030 3320 Ι
2087 3254 2167 3305 15.
2206 3270 2339 3306 num
2376 3252 2638 3305 suorum?

221 3357 455 3427 Madviq
488 3360 554 3412 in
592 3358 723 3412 adn.
763 3360 844 3413 ed.
873 3377 933 3427 p.
974 3365 1097 3412 181.
1131 3361 1141 3428 Ι
1179 3360 1260 3413 16.
1302 3375 1581 3415 eumenes.
1617 3361 1625 3428 Ι
1660 3343 1915 3414 diamiuS.
1960 3363 1967 3427 Ι
2014 3361 2097 3413 17.
2135 3359 2527 3412 circumvecti.
2552 3399 2634 3411 ...

224 3487 564 3501 ..........
602 3449 832 3502 mittunt
870 3450 1011 3501 coni.
1049 3449 1100 3502 Ι.
1141 3448 1212 3501 F.
1256 3448 1587 3517 Gronovius,
1628 3450 1724 3501 sed
1760 3449 1830 3516 cf.
1859 3449 2094 3517 Madvig)
2120 3448 2246 3499 Em.
2275 3448 2342 3500 L.
2362 3464 2423 3514 p.
2469 3446 2632 3509 699.Ι

230 3536 314 3588 19.
355 3535 720 3609 inittitautgin,
750 3537 942 3606 mittit,
973 3538 1054 3591 ita
1082 3542 1145 3591 ut
1175 3537 1231 3590 in
1262 3537 1342 3590 ed.
1372 3538 1510 3591 Bas.
1541 3540 1705 3590 1531.
1738 3539 1745 3605 Ι
1779 3542 1975 3604 totum,
2014 3540 2194 3589 tutum
2235 3535 2601 3588 Vascosanus.
2626 3537 2632 3598 Ι

227 3627 316 3679 20.
355 3628 765 3693 nonpostdiem.
826 3628 835 3695 Ι
894 3627 1236 3696 αᾶείΙΙςῐίιιω,
1278 3628 1350 3680 ad
1391 3625 1607 3695 Sigium
1646 3626 1725 3680 ed.
1764 3627 1903 3679 Bas.
1942 3629 2102 3691 1531,
2142 3640 2280 3676 corr.
2319 3623 2596 3692 Siqonius,
2628 3630 2634 3693 Ι

227 3716 316 3767 21.
356 3713 794 3786 sunmotainsula,
836 3732 972 3770 corr.
1012 3716 1091 3769 ed.
1122 3717 1260 3768 Bas,
1291 3717 1454 3768 1531.
1488 3717 1496 3782 Ι
1530 3713 1857 3786 eleaessethO,
1897 3714 2068 3768 Eleae
2108 3715 2166 3764 et
2194 3711 2349 3765 Atho
2390 3711 2470 3764 ed.
2501 3713 2636 3765 Bas.

231 3807 385 3865 1531,
425 3804 632 3858 Elaeae
670 3809 724 3858 et
766 3804 903 3858 Chio
942 3804 1179 3873 Madviy
1215 3805 1340 3857 Em.
1379 3805 1448 3857 L.
1476 3821 1539 3871 p.
1584 3809 1720 3858 700.
1754 3805 1761 3871 Ι
