<?xml version="1.0" encoding="UTF-8"?>
<!DOCTYPE html PUBLIC "-//W3C//DTD XHTML 1.0 Transitional//EN"
    "http://www.w3.org/TR/xhtml1/DTD/xhtml1-transitional.dtd">
<html xmlns="http://www.w3.org/1999/xhtml" xml:lang="en" lang="en">
 <head>
  <title>
</title>
<meta http-equiv="Content-Type" content="text/html;charset=utf-8" />
  <meta name='ocr-system' content='tesseract 3.04.00' />
  <meta name='ocr-capabilities' content='ocr_page ocr_carea ocr_par ocr_line ocrx_word'/>
</head>
<body>
  <div class='ocr_page' id='page_1' title='image "./tliviaburbecond01zinggoog_0202.png"; bbox 0 0 3005 4257; ppageno 0'>
   <div class='ocr_carea' id='block_1_1' title="bbox 357 97 2195 177">
    <p class='ocr_par' dir='ltr' id='par_1_1' title="bbox 357 97 2195 177">
     <span class='ocr_line' id='line_1_1' title="bbox 357 97 2195 177; baseline 0.002 -20"><span class='ocrx_word' id='word_1_1' title='bbox 357 97 441 157; x_wconf 83' lang='lat'>54</span> <span class='ocrx_word' id='word_1_2' title='bbox 918 108 1143 161; x_wconf 82' lang='lat' dir='ltr'>LIBER</span> <span class='ocrx_word' id='word_1_3' title='bbox 1183 108 1386 163; x_wconf 81' lang='lat' dir='ltr'>XLIV.</span> <span class='ocrx_word' id='word_1_4' title='bbox 1425 108 1592 161; x_wconf 83' lang='lat' dir='ltr'>oAP.</span> <span class='ocrx_word' id='word_1_5' title='bbox 1631 110 1717 162; x_wconf 83' lang='lat'>35.</span> <span class='ocrx_word' id='word_1_6' title='bbox 1760 110 1836 176; x_wconf 82' lang='lat' dir='ltr'>[a.</span> <span class='ocrx_word' id='word_1_7' title='bbox 1877 109 1944 163; x_wconf 89' lang='lat' dir='ltr'>U.</span> <span class='ocrx_word' id='word_1_8' title='bbox 1982 125 2029 162; x_wconf 72' lang='grc' dir='ltr'><strong>ο.</strong></span> <span class='ocrx_word' id='word_1_9' title='bbox 2069 109 2195 177; x_wconf 72' lang='lat'>586]</span> 
     </span>
    </p>
   </div>
   <div class='ocr_carea' id='block_1_2' title="bbox 265 286 2876 1263">
    <p class='ocr_par' dir='ltr' id='par_1_2' title="bbox 265 286 2982 1273">
     <span class='ocr_line' id='line_1_2' title="bbox 353 286 2780 369; baseline 0.001 -18"><span class='ocrx_word' id='word_1_10' title='bbox 353 288 447 353; x_wconf 88' lang='lat' dir='ltr'>ita</span> <span class='ocrx_word' id='word_1_11' title='bbox 494 287 785 352; x_wconf 78' lang='lat' dir='ltr'>dividere</span> <span class='ocrx_word' id='word_1_12' title='bbox 844 287 1038 364; x_wconf 90' lang='lat' dir='ltr'>viam,</span> <span class='ocrx_word' id='word_1_13' title='bbox 1097 293 1166 350; x_wconf 88' lang='lat' dir='ltr'>ut</span> <span class='ocrx_word' id='word_1_14' title='bbox 1214 294 1440 367; x_wconf 90' lang='lat' dir='ltr'>quarta</span> <span class='ocrx_word' id='word_1_15' title='bbox 1488 286 1716 368; x_wconf 87' lang='lat' dir='ltr'>vigilia</span> <span class='ocrx_word' id='word_1_16' title='bbox 1762 286 1952 350; x_wconf 87' lang='lat' dir='ltr'>tertio</span> <span class='ocrx_word' id='word_1_17' title='bbox 2001 287 2106 351; x_wconf 91' lang='lat' dir='ltr'>die</span> <span class='ocrx_word' id='word_1_18' title='bbox 2154 288 2470 369; x_wconf 81' lang='lat' dir='ltr'>Pythoum</span> <span class='ocrx_word' id='word_1_19' title='bbox 2522 290 2780 353; x_wconf 88' lang='lat' dir='ltr'>adoriri</span> 
     </span>
     <span class='ocr_line' id='line_1_3' title="bbox 265 376 2781 460; baseline 0.001 -19"><span class='ocrx_word' id='word_1_20' title='bbox 265 399 319 441; x_wconf 84' lang='lat'>16</span> <span class='ocrx_word' id='word_1_21' title='bbox 358 387 635 460; x_wconf 81' lang='lat' dir='ltr'><strong>possent.</strong></span> <span class='ocrx_word' id='word_1_22' title='bbox 692 377 832 458; x_wconf 88' lang='lat' dir='ltr'>ipse</span> <span class='ocrx_word' id='word_1_23' title='bbox 892 384 1148 458; x_wconf 87' lang='lat' dir='ltr'>postero</span> <span class='ocrx_word' id='word_1_24' title='bbox 1207 376 1332 452; x_wconf 85' lang='lat' dir='ltr'>die,</span> <span class='ocrx_word' id='word_1_25' title='bbox 1393 384 1462 439; x_wconf 90' lang='lat' dir='ltr'>ut</span> <span class='ocrx_word' id='word_1_26' title='bbox 1511 376 1827 439; x_wconf 87' lang='lat' dir='ltr'>detineret</span> <span class='ocrx_word' id='word_1_27' title='bbox 1882 397 2100 458; x_wconf 89' lang='lat' dir='ltr'>regem</span> <span class='ocrx_word' id='word_1_28' title='bbox 2159 377 2240 440; x_wconf 90' lang='lat' dir='ltr'>ab</span> <span class='ocrx_word' id='word_1_29' title='bbox 2301 378 2781 460; x_wconf 88' lang='lat' dir='ltr'>circumspectu</span> 
     </span>
     <span class='ocr_line' id='line_1_4' title="bbox 355 464 2780 547; baseline 0.002 -18"><span class='ocrx_word' id='word_1_30' title='bbox 355 487 565 530; x_wconf 91' lang='lat' dir='ltr'>rerum</span> <span class='ocrx_word' id='word_1_31' title='bbox 630 466 922 539; x_wconf 83' lang='lat' dir='ltr'>aliarum,</span> <span class='ocrx_word' id='word_1_32' title='bbox 997 465 1209 547; x_wconf 88' lang='lat' dir='ltr'>prima</span> <span class='ocrx_word' id='word_1_33' title='bbox 1282 465 1423 529; x_wconf 88' lang='lat' dir='ltr'>luce</span> <span class='ocrx_word' id='word_1_34' title='bbox 1499 464 1710 528; x_wconf 92' lang='lat' dir='ltr'>medio</span> <span class='ocrx_word' id='word_1_35' title='bbox 1784 464 1850 528; x_wconf 88' lang='lat' dir='ltr'>in</span> <span class='ocrx_word' id='word_1_36' title='bbox 1917 467 2105 529; x_wconf 86' lang='lat' dir='ltr'>alveo</span> <span class='ocrx_word' id='word_1_37' title='bbox 2172 487 2311 530; x_wconf 89' lang='lat' dir='ltr'>cum</span> <span class='ocrx_word' id='word_1_38' title='bbox 2381 468 2780 533; x_wconf 88' lang='lat' dir='ltr'>stationibus</span> 
     </span>
     <span class='ocr_line' id='line_1_5' title="bbox 357 553 2780 637; baseline 0.001 -18"><span class='ocrx_word' id='word_1_39' title='bbox 357 555 630 620; x_wconf 89' lang='lat' dir='ltr'>hostium</span> <span class='ocrx_word' id='word_1_40' title='bbox 696 554 1013 637; x_wconf 88' lang='lat' dir='ltr'>proelium</span> <span class='ocrx_word' id='word_1_41' title='bbox 1086 553 1435 635; x_wconf 87' lang='lat' dir='ltr'>commisit;</span> <span class='ocrx_word' id='word_1_42' title='bbox 1510 562 1998 636; x_wconf 89' lang='lat' dir='ltr'>pugnatumque</span> <span class='ocrx_word' id='word_1_43' title='bbox 2071 555 2389 636; x_wconf 82' lang='lat' dir='ltr'><strong>utrimque</strong></span> <span class='ocrx_word' id='word_1_44' title='bbox 2465 565 2563 621; x_wconf 89' lang='lat' dir='ltr'>est</span> <span class='ocrx_word' id='word_1_45' title='bbox 2634 559 2780 622; x_wconf 78' lang='lat' dir='ltr'>levi</span> 
     </span>
     <span class='ocr_line' id='line_1_6' title="bbox 355 643 2876 728; baseline 0.003 -20"><span class='ocrx_word' id='word_1_46' title='bbox 355 652 696 709; x_wconf 86' lang='lat' dir='ltr'>armatura.</span> <span class='ocrx_word' id='word_1_47' title='bbox 745 664 862 707; x_wconf 93' lang='lat' dir='ltr'>nec</span> <span class='ocrx_word' id='word_1_48' title='bbox 900 643 1307 726; x_wconf 84' lang='lat' dir='ltr'>gravioribus</span> <span class='ocrx_word' id='word_1_49' title='bbox 1346 643 1542 706; x_wconf 89' lang='lat' dir='ltr'>armis</span> <span class='ocrx_word' id='word_1_50' title='bbox 1590 645 1656 706; x_wconf 90' lang='lat' dir='ltr'>in</span> <span class='ocrx_word' id='word_1_51' title='bbox 1695 649 1826 707; x_wconf 90' lang='lat' dir='ltr'>tam</span> <span class='ocrx_word' id='word_1_52' title='bbox 1876 644 2208 725; x_wconf 82' lang='lat' dir='ltr'>inaequali</span> <span class='ocrx_word' id='word_1_53' title='bbox 2254 647 2440 710; x_wconf 90' lang='lat' dir='ltr'>alveo</span> <span class='ocrx_word' id='word_1_54' title='bbox 2488 647 2773 728; x_wconf 85' lang='lat' dir='ltr'>pugnari</span> <span class='ocrx_word' id='word_1_55' title='bbox 2850 674 2876 715; x_wconf 88' lang='lat'>5</span> 
     </span>
     <span class='ocr_line' id='line_1_7' title="bbox 267 732 2775 819; baseline 0.002 -24"><span class='ocrx_word' id='word_1_56' title='bbox 267 754 319 798; x_wconf 83' lang='lat'>17</span> <span class='ocrx_word' id='word_1_57' title='bbox 356 741 620 819; x_wconf 90' lang='lat' dir='ltr'>poterat.</span> <span class='ocrx_word' id='word_1_58' title='bbox 669 734 1020 797; x_wconf 78' lang='lat' dir='ltr'>descensus</span> <span class='ocrx_word' id='word_1_59' title='bbox 1067 733 1251 815; x_wconf 85' lang='lat' dir='ltr'>ripae</span> <span class='ocrx_word' id='word_1_60' title='bbox 1296 732 1628 813; x_wconf 90' lang='lat' dir='ltr'>utriusque</span> <span class='ocrx_word' id='word_1_61' title='bbox 1674 732 1739 795; x_wconf 91' lang='lat' dir='ltr'>in</span> <span class='ocrx_word' id='word_1_62' title='bbox 1790 733 2047 798; x_wconf 82' lang='lat' dir='ltr'>alveum</span> <span class='ocrx_word' id='word_1_63' title='bbox 2086 741 2511 799; x_wconf 91' lang='lat' dir='ltr'>trecentorum</span> <span class='ocrx_word' id='word_1_64' title='bbox 2557 732 2775 800; x_wconf 87' lang='lat' dir='ltr'>ferme</span> 
     </span>
     <span class='ocr_line' id='line_1_8' title="bbox 356 821 2775 906; baseline 0.001 -20"><span class='ocrx_word' id='word_1_65' title='bbox 356 844 660 906; x_wconf 85' lang='lat' dir='ltr'>passuum</span> <span class='ocrx_word' id='word_1_66' title='bbox 727 829 889 904; x_wconf 79' lang='lat' dir='ltr'>erat3</span> <span class='ocrx_word' id='word_1_67' title='bbox 963 821 1246 885; x_wconf 91' lang='lat' dir='ltr'>medium</span> <span class='ocrx_word' id='word_1_68' title='bbox 1313 823 1590 903; x_wconf 88' lang='lat' dir='ltr'>spatium</span> <span class='ocrx_word' id='word_1_69' title='bbox 1656 823 1978 902; x_wconf 74' lang='lat' dir='ltr'>torrentiS,</span> <span class='ocrx_word' id='word_1_70' title='bbox 2054 822 2210 887; x_wconf 91' lang='lat' dir='ltr'>alibi</span> <span class='ocrx_word' id='word_1_71' title='bbox 2275 824 2463 887; x_wconf 88' lang='lat' dir='ltr'>aliter</span> <span class='ocrx_word' id='word_1_72' title='bbox 2527 826 2775 904; x_wconf 83' lang='lat' dir='ltr'>cavati,</span> 
     </span>
     <span class='ocr_line' id='line_1_9' title="bbox 267 910 2772 995; baseline 0.002 -23"><span class='ocrx_word' id='word_1_73' title='bbox 267 932 319 975; x_wconf 87' lang='lat'>18</span> <span class='ocrx_word' id='word_1_74' title='bbox 356 913 551 995; x_wconf 90' lang='lat' dir='ltr'>paulo</span> <span class='ocrx_word' id='word_1_75' title='bbox 590 912 735 994; x_wconf 90' lang='lat' dir='ltr'>plus</span> <span class='ocrx_word' id='word_1_76' title='bbox 775 932 963 992; x_wconf 91' lang='lat' dir='ltr'>quam</span> <span class='ocrx_word' id='word_1_77' title='bbox 1007 911 1182 974; x_wconf 92' lang='lat' dir='ltr'>mille</span> <span class='ocrx_word' id='word_1_78' title='bbox 1220 930 1451 992; x_wconf 86' lang='lat' dir='ltr'>passus</span> <span class='ocrx_word' id='word_1_79' title='bbox 1488 910 1771 993; x_wconf 89' lang='lat' dir='ltr'>patebat.</span> <span class='ocrx_word' id='word_1_80' title='bbox 1821 911 1911 975; x_wconf 92' lang='lat' dir='ltr'>ibi</span> <span class='ocrx_word' id='word_1_81' title='bbox 1949 912 2016 974; x_wconf 90' lang='lat' dir='ltr'>in</span> <span class='ocrx_word' id='word_1_82' title='bbox 2055 912 2269 975; x_wconf 90' lang='lat' dir='ltr'>medio</span> <span class='ocrx_word' id='word_1_83' title='bbox 2317 914 2772 995; x_wconf 78' lang='lat' dir='ltr'>spectantibus</span> 
     </span>
     <span class='ocr_line' id='line_1_10' title="bbox 353 999 2773 1082; baseline 0.001 -17"><span class='ocrx_word' id='word_1_84' title='bbox 353 1002 673 1082; x_wconf 85' lang='lat' dir='ltr'>utrimque</span> <span class='ocrx_word' id='word_1_85' title='bbox 730 1021 811 1064; x_wconf 77' lang='lat' dir='ltr'>ex</span> <span class='ocrx_word' id='word_1_86' title='bbox 865 1000 1039 1063; x_wconf 87' lang='lat' dir='ltr'>vallo</span> <span class='ocrx_word' id='word_1_87' title='bbox 1097 1006 1444 1064; x_wconf 88' lang='lat' dir='ltr'>castrorum</span> <span class='ocrx_word' id='word_1_88' title='bbox 1500 999 1647 1063; x_wconf 77' lang='lat' dir='ltr'>hinc</span> <span class='ocrx_word' id='word_1_89' title='bbox 1708 1021 1866 1082; x_wconf 72' lang='lat' dir='ltr'>reye,</span> <span class='ocrx_word' id='word_1_90' title='bbox 1923 999 2071 1063; x_wconf 93' lang='lat' dir='ltr'>hinc</span> <span class='ocrx_word' id='word_1_91' title='bbox 2133 1003 2390 1066; x_wconf 86' lang='lat' dir='ltr'>consule</span> <span class='ocrx_word' id='word_1_92' title='bbox 2439 1022 2581 1066; x_wconf 91' lang='lat' dir='ltr'>cum</span> <span class='ocrx_word' id='word_1_93' title='bbox 2630 1005 2773 1068; x_wconf 87' lang='lat' dir='ltr'>suis</span> 
     </span>
     <span class='ocr_line' id='line_1_11' title="bbox 267 1088 2868 1173; baseline 0.003 -23"><span class='ocrx_word' id='word_1_94' title='bbox 267 1108 319 1151; x_wconf 70' lang='grc'>18</span> <span class='ocrx_word' id='word_1_95' title='bbox 354 1091 715 1173; x_wconf 87' lang='lat' dir='ltr'>legionibus</span> <span class='ocrx_word' id='word_1_96' title='bbox 761 1096 1117 1173; x_wconf 88' lang='lat' dir='ltr'>pugnatum</span> <span class='ocrx_word' id='word_1_97' title='bbox 1166 1096 1278 1153; x_wconf 88' lang='lat' dir='ltr'>est.</span> <span class='ocrx_word' id='word_1_98' title='bbox 1327 1088 1676 1154; x_wconf 87' lang='lat' dir='ltr'>missilibus</span> <span class='ocrx_word' id='word_1_99' title='bbox 1732 1090 1955 1171; x_wconf 89' lang='lat' dir='ltr'>procul</span> <span class='ocrx_word' id='word_1_100' title='bbox 2002 1091 2184 1171; x_wconf 88' lang='lat' dir='ltr'>regia</span> <span class='ocrx_word' id='word_1_101' title='bbox 2232 1091 2476 1155; x_wconf 75' lang='lat' dir='ltr'>auxilia</span> <span class='ocrx_word' id='word_1_102' title='bbox 2532 1093 2770 1156; x_wconf 89' lang='lat' dir='ltr'>melius</span> <span class='ocrx_word' id='word_1_103' title='bbox 2815 1118 2868 1159; x_wconf 89' lang='lat'>10</span> 
     </span>
     <span class='ocr_line' id='line_1_12' title="bbox 353 1178 2769 1263; baseline 0.001 -19"><span class='ocrx_word' id='word_1_104' title='bbox 353 1181 755 1263; x_wconf 87' lang='lat' dir='ltr'>pugnabant;</span> <span class='ocrx_word' id='word_1_105' title='bbox 815 1179 1169 1243; x_wconf 88' lang='lat' dir='ltr'>comminus</span> <span class='ocrx_word' id='word_1_106' title='bbox 1226 1178 1517 1242; x_wconf 90' lang='lat' dir='ltr'>stabilior</span> <span class='ocrx_word' id='word_1_107' title='bbox 1574 1185 1637 1240; x_wconf 92' lang='lat' dir='ltr'>et</span> <span class='ocrx_word' id='word_1_108' title='bbox 1694 1180 1888 1243; x_wconf 89' lang='lat' dir='ltr'>tutior</span> <span class='ocrx_word' id='word_1_109' title='bbox 1942 1187 2054 1242; x_wconf 90' lang='lat' dir='ltr'>aut</span> <span class='ocrx_word' id='word_1_110' title='bbox 2117 1201 2343 1262; x_wconf 84' lang='lat' dir='ltr'>parma</span> <span class='ocrx_word' id='word_1_111' title='bbox 2405 1188 2516 1245; x_wconf 89' lang='lat' dir='ltr'>aut</span> <span class='ocrx_word' id='word_1_112' title='bbox 2582 1189 2769 1246; x_wconf 87' lang='lat' dir='ltr'>scuto</span> 
     </span>
    </p>
   </div>
   <div class='ocr_carea' id='block_1_3' title="bbox 156 1265 2766 1352">
    <p class='ocr_par' dir='ltr' id='par_1_3' title="bbox 156 1265 2766 1352">
     <span class='ocr_line' id='line_1_13' title="bbox 156 1265 2766 1352; baseline 0.002 -23"><span class='ocrx_word' id='word_1_113' title='bbox 156 1347 159 1350; x_wconf 13' lang='grc' dir='ltr'><strong>ῃ</strong></span> <span class='ocrx_word' id='word_1_114' title='bbox 264 1288 318 1330; x_wconf 88' lang='grc' dir='ltr'>2ο</span> <span class='ocrx_word' id='word_1_115' title='bbox 355 1269 690 1352; x_wconf 91' lang='lat' dir='ltr'>Ligustino</span> <span class='ocrx_word' id='word_1_116' title='bbox 738 1270 1068 1331; x_wconf 88' lang='lat' dir='ltr'>Romanus</span> <span class='ocrx_word' id='word_1_117' title='bbox 1116 1275 1268 1330; x_wconf 88' lang='lat' dir='ltr'>erat.</span> <span class='ocrx_word' id='word_1_118' title='bbox 1320 1266 1589 1331; x_wconf 89' lang='lat' dir='ltr'>meridie</span> <span class='ocrx_word' id='word_1_119' title='bbox 1635 1265 1771 1330; x_wconf 88' lang='lat' dir='ltr'>fere</span> <span class='ocrx_word' id='word_1_120' title='bbox 1830 1270 2113 1350; x_wconf 89' lang='lat' dir='ltr'>receptui</span> <span class='ocrx_word' id='word_1_121' title='bbox 2162 1270 2308 1332; x_wconf 88' lang='lat' dir='ltr'>cani</span> <span class='ocrx_word' id='word_1_122' title='bbox 2357 1271 2488 1335; x_wconf 87' lang='lat' dir='ltr'>suis</span> <span class='ocrx_word' id='word_1_123' title='bbox 2536 1272 2766 1335; x_wconf 89' lang='lat' dir='ltr'>consul</span> 
     </span>
    </p>
   </div>
   <div class='ocr_carea' id='block_1_4' title="bbox 259 1356 2859 2334">
    <p class='ocr_par' dir='ltr' id='par_1_4' title="bbox 259 1356 2859 2334">
     <span class='ocr_line' id='line_1_14' title="bbox 352 1356 2767 1440; baseline 0.001 -18"><span class='ocrx_word' id='word_1_124' title='bbox 352 1359 557 1422; x_wconf 91' lang='lat' dir='ltr'>iussit.</span> <span class='ocrx_word' id='word_1_125' title='bbox 605 1358 698 1421; x_wconf 92' lang='lat' dir='ltr'>ita</span> <span class='ocrx_word' id='word_1_126' title='bbox 747 1377 822 1420; x_wconf 95' lang='lat' dir='ltr'>eo</span> <span class='ocrx_word' id='word_1_127' title='bbox 870 1357 972 1420; x_wconf 92' lang='lat' dir='ltr'>die</span> <span class='ocrx_word' id='word_1_128' title='bbox 1021 1357 1409 1439; x_wconf 86' lang='lat' dir='ltr'>diremptum</span> <span class='ocrx_word' id='word_1_129' title='bbox 1455 1356 1767 1438; x_wconf 88' lang='lat' dir='ltr'>proelium</span> <span class='ocrx_word' id='word_1_130' title='bbox 1818 1365 1915 1422; x_wconf 90' lang='lat' dir='ltr'>est</span> <span class='ocrx_word' id='word_1_131' title='bbox 1955 1357 2133 1421; x_wconf 89' lang='lat' dir='ltr'>haud</span> <span class='ocrx_word' id='word_1_132' title='bbox 2170 1359 2394 1440; x_wconf 82' lang='lat' dir='ltr'>paucis</span> <span class='ocrx_word' id='word_1_133' title='bbox 2440 1359 2767 1440; x_wconf 88' lang='lat' dir='ltr'>utrimque</span> 
     </span>
     <span class='ocr_line' id='line_1_15' title="bbox 264 1446 2762 1529; baseline 0.002 -23"><span class='ocrx_word' id='word_1_134' title='bbox 264 1465 310 1507; x_wconf 82' lang='grc'>21</span> <span class='ocrx_word' id='word_1_135' title='bbox 354 1447 729 1511; x_wconf 70' lang='lat' dir='ltr'>interfectis</span> <span class='ocrx_word' id='word_1_136' title='bbox 779 1447 913 1509; x_wconf 89' lang='lat' dir='ltr'>sole</span> <span class='ocrx_word' id='word_1_137' title='bbox 952 1452 1088 1509; x_wconf 91' lang='lat' dir='ltr'>orto</span> <span class='ocrx_word' id='word_1_138' title='bbox 1127 1454 1385 1529; x_wconf 88' lang='lat' dir='ltr'>postero</span> <span class='ocrx_word' id='word_1_139' title='bbox 1424 1446 1531 1509; x_wconf 92' lang='lat' dir='ltr'>die</span> <span class='ocrx_word' id='word_1_140' title='bbox 1579 1446 1858 1510; x_wconf 87' lang='lat' dir='ltr'>inritatis</span> <span class='ocrx_word' id='word_1_141' title='bbox 1897 1447 2249 1511; x_wconf 83' lang='lat' dir='ltr'>certamine</span> <span class='ocrx_word' id='word_1_142' title='bbox 2289 1448 2523 1512; x_wconf 88' lang='lat' dir='ltr'>animis</span> <span class='ocrx_word' id='word_1_143' title='bbox 2561 1449 2762 1512; x_wconf 89' lang='lat' dir='ltr'>etiam</span> 
     </span>
     <span class='ocr_line' id='line_1_16' title="bbox 354 1535 2859 1618; baseline 0.001 -18"><span class='ocrx_word' id='word_1_144' title='bbox 354 1537 563 1601; x_wconf 87' lang='lat' dir='ltr'>acrius</span> <span class='ocrx_word' id='word_1_145' title='bbox 636 1555 1008 1599; x_wconf 87' lang='lat' dir='ltr'>concursum</span> <span class='ocrx_word' id='word_1_146' title='bbox 1084 1541 1196 1599; x_wconf 88' lang='lat' dir='ltr'>est.</span> <span class='ocrx_word' id='word_1_147' title='bbox 1273 1535 1389 1599; x_wconf 90' lang='lat' dir='ltr'>sed</span> <span class='ocrx_word' id='word_1_148' title='bbox 1453 1536 1725 1600; x_wconf 87' lang='lat' dir='ltr'>Romani</span> <span class='ocrx_word' id='word_1_149' title='bbox 1790 1557 1916 1600; x_wconf 91' lang='lat' dir='ltr'>non</span> <span class='ocrx_word' id='word_1_150' title='bbox 1984 1536 2068 1600; x_wconf 91' lang='lat' dir='ltr'>ab</span> <span class='ocrx_word' id='word_1_151' title='bbox 2136 1536 2217 1600; x_wconf 90' lang='lat' dir='ltr'>iis</span> <span class='ocrx_word' id='word_1_152' title='bbox 2282 1544 2549 1618; x_wconf 84' lang='lat' dir='ltr'>tantum,</span> <span class='ocrx_word' id='word_1_153' title='bbox 2616 1558 2763 1602; x_wconf 89' lang='lat' dir='ltr'>cum</span> <span class='ocrx_word' id='word_1_154' title='bbox 2808 1561 2859 1603; x_wconf 83' lang='lat'>15</span> 
     </span>
     <span class='ocr_line' id='line_1_17' title="bbox 352 1626 2761 1707; baseline 0.001 -18"><span class='ocrx_word' id='word_1_155' title='bbox 352 1626 587 1706; x_wconf 88' lang='lat' dir='ltr'>quibus</span> <span class='ocrx_word' id='word_1_156' title='bbox 626 1631 1026 1689; x_wconf 84' lang='lat' dir='ltr'>contractum</span> <span class='ocrx_word' id='word_1_157' title='bbox 1065 1630 1389 1687; x_wconf 85' lang='lat' dir='ltr'>certamen</span> <span class='ocrx_word' id='word_1_158' title='bbox 1428 1630 1582 1703; x_wconf 84' lang='lat' dir='ltr'>erat,</span> <span class='ocrx_word' id='word_1_159' title='bbox 1622 1626 1737 1688; x_wconf 89' lang='lat' dir='ltr'>sed</span> <span class='ocrx_word' id='word_1_160' title='bbox 1776 1626 1976 1689; x_wconf 91' lang='lat' dir='ltr'>multo</span> <span class='ocrx_word' id='word_1_161' title='bbox 2007 1626 2219 1707; x_wconf 88' lang='lat' dir='ltr'>magis</span> <span class='ocrx_word' id='word_1_162' title='bbox 2259 1627 2341 1689; x_wconf 91' lang='lat' dir='ltr'>ab</span> <span class='ocrx_word' id='word_1_163' title='bbox 2373 1645 2450 1689; x_wconf 91' lang='lat' dir='ltr'>ea</span> <span class='ocrx_word' id='word_1_164' title='bbox 2481 1627 2761 1691; x_wconf 90' lang='lat' dir='ltr'>multitu-</span> 
     </span>
     <span class='ocr_line' id='line_1_18' title="bbox 355 1713 2761 1796; baseline 0.001 -18"><span class='ocrx_word' id='word_1_165' title='bbox 355 1715 523 1795; x_wconf 86' lang='lat' dir='ltr'>dine,</span> <span class='ocrx_word' id='word_1_166' title='bbox 578 1735 744 1796; x_wconf 91' lang='lat' dir='ltr'>quae</span> <span class='ocrx_word' id='word_1_167' title='bbox 802 1714 1117 1796; x_wconf 88' lang='lat' dir='ltr'>disposita</span> <span class='ocrx_word' id='word_1_168' title='bbox 1164 1714 1230 1776; x_wconf 90' lang='lat' dir='ltr'>in</span> <span class='ocrx_word' id='word_1_169' title='bbox 1278 1713 1563 1778; x_wconf 86' lang='lat' dir='ltr'>turribus</span> <span class='ocrx_word' id='word_1_170' title='bbox 1612 1714 1844 1792; x_wconf 85' lang='lat' dir='ltr'>stabat,</span> <span class='ocrx_word' id='word_1_171' title='bbox 1903 1716 2075 1778; x_wconf 91' lang='lat' dir='ltr'>omni</span> <span class='ocrx_word' id='word_1_172' title='bbox 2131 1734 2367 1796; x_wconf 87' lang='lat' dir='ltr'>genere</span> <span class='ocrx_word' id='word_1_173' title='bbox 2417 1716 2761 1780; x_wconf 87' lang='lat' dir='ltr'>missilium</span> 
     </span>
     <span class='ocr_line' id='line_1_19' title="bbox 262 1803 2759 1888; baseline 0.003 -27"><span class='ocrx_word' id='word_1_174' title='bbox 262 1821 314 1862; x_wconf 91' lang='grc'>22</span> <span class='ocrx_word' id='word_1_175' title='bbox 351 1805 621 1868; x_wconf 84' lang='lat' dir='ltr'>telorum</span> <span class='ocrx_word' id='word_1_176' title='bbox 697 1823 774 1867; x_wconf 91' lang='lat' dir='ltr'>ac</span> <span class='ocrx_word' id='word_1_177' title='bbox 846 1803 1025 1868; x_wconf 83' lang='lat' dir='ltr'>saxis</span> <span class='ocrx_word' id='word_1_178' title='bbox 1101 1803 1376 1866; x_wconf 82' lang='lat' dir='ltr'>maxime</span> <span class='ocrx_word' id='word_1_179' title='bbox 1443 1803 1961 1867; x_wconf 82' lang='lat' dir='ltr'>volnerabantur.</span> <span class='ocrx_word' id='word_1_180' title='bbox 2036 1803 2146 1867; x_wconf 91' lang='lat' dir='ltr'>ubi</span> <span class='ocrx_word' id='word_1_181' title='bbox 2220 1803 2485 1888; x_wconf 88' lang='lat' dir='ltr'>propius</span> <span class='ocrx_word' id='word_1_182' title='bbox 2550 1805 2759 1888; x_wconf 88' lang='lat' dir='ltr'>ripam</span> 
     </span>
     <span class='ocr_line' id='line_1_20' title="bbox 350 1891 2757 1976; baseline 0.001 -20"><span class='ocrx_word' id='word_1_183' title='bbox 350 1893 629 1957; x_wconf 89' lang='lat' dir='ltr'>hostium</span> <span class='ocrx_word' id='word_1_184' title='bbox 687 1892 1031 1972; x_wconf 81' lang='lat' dir='ltr'>subissent,</span> <span class='ocrx_word' id='word_1_185' title='bbox 1087 1891 1420 1954; x_wconf 90' lang='lat' dir='ltr'>tormentis</span> <span class='ocrx_word' id='word_1_186' title='bbox 1478 1891 1679 1957; x_wconf 87' lang='lat' dir='ltr'>missa</span> <span class='ocrx_word' id='word_1_187' title='bbox 1727 1893 1919 1955; x_wconf 91' lang='lat' dir='ltr'>etiam</span> <span class='ocrx_word' id='word_1_188' title='bbox 1969 1893 2055 1956; x_wconf 89' lang='lat' dir='ltr'>ad</span> <span class='ocrx_word' id='word_1_189' title='bbox 2111 1893 2369 1958; x_wconf 87' lang='lat' dir='ltr'>ultimos</span> <span class='ocrx_word' id='word_1_190' title='bbox 2426 1895 2757 1976; x_wconf 86' lang='lat' dir='ltr'>pervenie-</span> 
     </span>
     <span class='ocr_line' id='line_1_21' title="bbox 350 1980 2853 2067; baseline 0 -21"><span class='ocrx_word' id='word_1_191' title='bbox 350 1983 522 2046; x_wconf 86' lang='lat' dir='ltr'>bant.</span> <span class='ocrx_word' id='word_1_192' title='bbox 581 1982 780 2045; x_wconf 91' lang='lat' dir='ltr'>multo</span> <span class='ocrx_word' id='word_1_193' title='bbox 828 1981 1118 2063; x_wconf 89' lang='lat' dir='ltr'>pluribus</span> <span class='ocrx_word' id='word_1_194' title='bbox 1167 2000 1242 2043; x_wconf 92' lang='lat' dir='ltr'>eo</span> <span class='ocrx_word' id='word_1_195' title='bbox 1291 1980 1395 2044; x_wconf 90' lang='lat' dir='ltr'>die</span> <span class='ocrx_word' id='word_1_196' title='bbox 1445 1981 1700 2045; x_wconf 90' lang='lat' dir='ltr'>amissis</span> <span class='ocrx_word' id='word_1_197' title='bbox 1750 1982 1970 2045; x_wconf 90' lang='lat' dir='ltr'>consul</span> <span class='ocrx_word' id='word_1_198' title='bbox 2018 1983 2212 2064; x_wconf 91' lang='lat' dir='ltr'>paulo</span> <span class='ocrx_word' id='word_1_199' title='bbox 2261 1983 2467 2048; x_wconf 88' lang='lat' dir='ltr'>serius</span> <span class='ocrx_word' id='word_1_200' title='bbox 2514 1985 2758 2067; x_wconf 86' lang='lat' dir='ltr'>recepit</span> <span class='ocrx_word' id='word_1_201' title='bbox 2798 2004 2853 2047; x_wconf 87' lang='grc' dir='ltr'>2ο</span> 
     </span>
     <span class='ocr_line' id='line_1_22' title="bbox 260 2069 2756 2156; baseline 0 -19"><span class='ocrx_word' id='word_1_202' title='bbox 260 2086 312 2128; x_wconf 82' lang='lat'>23</span> <span class='ocrx_word' id='word_1_203' title='bbox 351 2091 514 2137; x_wconf 87' lang='lat' dir='ltr'>suos.</span> <span class='ocrx_word' id='word_1_204' title='bbox 572 2071 756 2136; x_wconf 89' lang='lat' dir='ltr'>tertio</span> <span class='ocrx_word' id='word_1_205' title='bbox 823 2069 926 2134; x_wconf 90' lang='lat' dir='ltr'>die</span> <span class='ocrx_word' id='word_1_206' title='bbox 983 2070 1228 2154; x_wconf 87' lang='lat' dir='ltr'>proelio</span> <span class='ocrx_word' id='word_1_207' title='bbox 1285 2070 1617 2149; x_wconf 84' lang='lat' dir='ltr'>abstinuit,</span> <span class='ocrx_word' id='word_1_208' title='bbox 1687 2070 2033 2154; x_wconf 89' lang='lat' dir='ltr'>degressus</span> <span class='ocrx_word' id='word_1_209' title='bbox 2100 2070 2185 2134; x_wconf 89' lang='lat' dir='ltr'>ad</span> <span class='ocrx_word' id='word_1_210' title='bbox 2249 2071 2442 2136; x_wconf 91' lang='lat' dir='ltr'>imam</span> <span class='ocrx_word' id='word_1_211' title='bbox 2508 2082 2756 2156; x_wconf 87' lang='lat' dir='ltr'>partem</span> 
     </span>
     <span class='ocr_line' id='line_1_23' title="bbox 352 2160 2757 2242; baseline 0.001 -17"><span class='ocrx_word' id='word_1_212' title='bbox 352 2170 725 2240; x_wconf 84' lang='lat' dir='ltr'>castrorum,</span> <span class='ocrx_word' id='word_1_213' title='bbox 791 2161 991 2224; x_wconf 86' lang='lat' dir='ltr'>veluti</span> <span class='ocrx_word' id='word_1_214' title='bbox 1048 2180 1162 2242; x_wconf 88' lang='lat' dir='ltr'>per</span> <span class='ocrx_word' id='word_1_215' title='bbox 1227 2160 1548 2224; x_wconf 83' lang='lat' dir='ltr'>devexum</span> <span class='ocrx_word' id='word_1_216' title='bbox 1604 2160 1668 2222; x_wconf 92' lang='lat' dir='ltr'>in</span> <span class='ocrx_word' id='word_1_217' title='bbox 1738 2181 1913 2225; x_wconf 91' lang='lat' dir='ltr'>mare</span> <span class='ocrx_word' id='word_1_218' title='bbox 1978 2161 2353 2225; x_wconf 89' lang='lat' dir='ltr'>bracchium</span> <span class='ocrx_word' id='word_1_219' title='bbox 2418 2163 2757 2227; x_wconf 79' lang='lat' dir='ltr'>transitum</span> 
     </span>
     <span class='ocr_line' id='line_1_24' title="bbox 259 2249 2518 2334; baseline 0 -21"><span class='ocrx_word' id='word_1_220' title='bbox 259 2266 311 2307; x_wconf 75' lang='lat'>24</span> <span class='ocrx_word' id='word_1_221' title='bbox 352 2257 793 2332; x_wconf 87' lang='lat' dir='ltr'>temptaturus.</span> <span class='ocrx_word' id='word_1_222' title='bbox 841 2251 1132 2329; x_wconf 79' lang='grc' dir='ltr'><strong>Ρ6186118,</strong></span> <span class='ocrx_word' id='word_1_223' title='bbox 1180 2249 1352 2329; x_wconf 93' lang='lat' dir='ltr'>quod</span> <span class='ocrx_word' id='word_1_224' title='bbox 1401 2250 1466 2311; x_wconf 90' lang='lat' dir='ltr'>in</span> <span class='ocrx_word' id='word_1_225' title='bbox 1516 2249 1719 2313; x_wconf 86' lang='lat' dir='ltr'>oculis</span> <span class='ocrx_word' id='word_1_226' title='bbox 1769 2258 1905 2313; x_wconf 90' lang='lat' dir='ltr'>erat</span> <span class='ocrx_word' id='word_1_227' title='bbox 1997 2297 2028 2333; x_wconf 70' lang='lat'><strong>*</strong></span> <span class='ocrx_word' id='word_1_228' title='bbox 2117 2302 2150 2332; x_wconf 68' lang='lat'>÷÷</span> <span class='ocrx_word' id='word_1_229' title='bbox 2242 2298 2273 2334; x_wconf 70' lang='lat'><strong>*</strong></span> <span class='ocrx_word' id='word_1_230' title='bbox 2364 2298 2396 2334; x_wconf 54' lang='lat' dir='ltr'>&gt;a</span> <span class='ocrx_word' id='word_1_231' title='bbox 2486 2298 2518 2333; x_wconf 68' lang='lat'><em>*</em></span> 
     </span>
    </p>
   </div>
   <div class='ocr_carea' id='block_1_5' title="bbox 352 2412 770 2419">
    <p class='ocr_par' dir='ltr' id='par_1_5' title="bbox 352 2412 770 2419">
     <span class='ocr_line' id='line_1_25' title="bbox 352 2412 770 2419; baseline 0 0"><span class='ocrx_word' id='word_1_232' title='bbox 352 2412 770 2419; x_wconf 95' lang='lat' dir='ltr'> </span> 
     </span>
    </p>
   </div>
   <div class='ocr_carea' id='block_1_6' title="bbox 347 2496 2757 3812">
    <p class='ocr_par' dir='ltr' id='par_1_6' title="bbox 347 2496 2757 3812">
     <span class='ocr_line' id='line_1_26' title="bbox 347 2496 2752 2565; baseline 0.001 -16"><span class='ocrx_word' id='word_1_233' title='bbox 347 2512 495 2563; x_wconf 77' lang='lat' dir='ltr'>susp.</span> <span class='ocrx_word' id='word_1_234' title='bbox 525 2496 773 2565; x_wconf 70' lang='lat' dir='ltr'>Madviy,</span> <span class='ocrx_word' id='word_1_235' title='bbox 813 2497 907 2549; x_wconf 80' lang='lat' dir='ltr'>sed</span> <span class='ocrx_word' id='word_1_236' title='bbox 936 2497 1007 2562; x_wconf 86' lang='lat' dir='ltr'>cf.</span> <span class='ocrx_word' id='word_1_237' title='bbox 1043 2496 1120 2549; x_wconf 86' lang='lat' dir='ltr'><em>W</em></span> <span class='ocrx_word' id='word_1_238' title='bbox 1115 2496 1358 2563; x_wconf 72' lang='lat' dir='ltr'>esenbery</span> <span class='ocrx_word' id='word_1_239' title='bbox 1386 2514 1445 2563; x_wconf 75' lang='lat' dir='ltr'>p.</span> <span class='ocrx_word' id='word_1_240' title='bbox 1489 2500 1624 2562; x_wconf 72' lang='lat'><strong><em>329,</em></strong></span> <span class='ocrx_word' id='word_1_241' title='bbox 1663 2512 1732 2549; x_wconf 88' lang='lat' dir='ltr'>ne</span> <span class='ocrx_word' id='word_1_242' title='bbox 1770 2497 1909 2565; x_wconf 85' lang='lat' dir='ltr'>quid</span> <span class='ocrx_word' id='word_1_243' title='bbox 1937 2497 2119 2550; x_wconf 87' lang='lat' dir='ltr'>victus</span> <span class='ocrx_word' id='word_1_244' title='bbox 2148 2503 2457 2551; x_wconf 90' lang='lat' dir='ltr'>moraretur</span> <span class='ocrx_word' id='word_1_245' title='bbox 2488 2498 2752 2564; x_wconf 77' lang='lat' dir='ltr'>Ha1·tel).l</span> 
     </span>
     <span class='ocr_line' id='line_1_27' title="bbox 351 2584 2752 2654; baseline 0.001 -17"><span class='ocrx_word' id='word_1_246' title='bbox 351 2584 523 2638; x_wconf 88' lang='lat' dir='ltr'>ducis.</span> <span class='ocrx_word' id='word_1_247' title='bbox 560 2585 567 2651; x_wconf 85' lang='grc' dir='ltr'>Ι</span> <span class='ocrx_word' id='word_1_248' title='bbox 614 2587 659 2637; x_wconf 94' lang='grc'>1.</span> <span class='ocrx_word' id='word_1_249' title='bbox 701 2585 932 2639; x_wconf 89' lang='lat' dir='ltr'>duidere</span> <span class='ocrx_word' id='word_1_250' title='bbox 969 2602 1142 2653; x_wconf 75' lang='lat' dir='ltr'>supra</span> <span class='ocrx_word' id='word_1_251' title='bbox 1177 2586 1379 2651; x_wconf 75' lang='lat' dir='ltr'>scripto</span> <span class='ocrx_word' id='word_1_252' title='bbox 1418 2585 1436 2637; x_wconf 94' lang='lat' dir='ltr'>i</span> <span class='ocrx_word' id='word_1_253' title='bbox 1473 2586 1618 2637; x_wconf 80' lang='lat' dir='ltr'>inter</span> <span class='ocrx_word' id='word_1_254' title='bbox 1656 2585 1691 2637; x_wconf 90' lang='lat' dir='ltr'>d</span> <span class='ocrx_word' id='word_1_255' title='bbox 1732 2591 1780 2637; x_wconf 71' lang='lat' dir='ltr'>et</span> <span class='ocrx_word' id='word_1_256' title='bbox 1818 2601 1871 2638; x_wconf 93' lang='grc'>11.</span> <span class='ocrx_word' id='word_1_257' title='bbox 1914 2587 1921 2653; x_wconf 79' lang='grc' dir='ltr'>Ι</span> <span class='ocrx_word' id='word_1_258' title='bbox 1964 2586 2228 2654; x_wconf 90' lang='lat' dir='ltr'>Pythium</span> <span class='ocrx_word' id='word_1_259' title='bbox 2267 2586 2408 2638; x_wconf 86' lang='lat' dir='ltr'>coni.</span> <span class='ocrx_word' id='word_1_260' title='bbox 2447 2586 2752 2654; x_wconf 57' lang='lat' dir='ltr'>Simonias}</span> 
     </span>
     <span class='ocr_line' id='line_1_28' title="bbox 348 2672 2756 2742; baseline 0 -16"><span class='ocrx_word' id='word_1_261' title='bbox 348 2676 398 2726; x_wconf 90' lang='lat'>4.</span> <span class='ocrx_word' id='word_1_262' title='bbox 439 2673 1235 2742; x_wconf 85' lang='lat' dir='ltr'>commisitpugnatumadque,</span> <span class='ocrx_word' id='word_1_263' title='bbox 1276 2672 1579 2741; x_wconf 81' lang='lat' dir='ltr'>commisit3</span> <span class='ocrx_word' id='word_1_264' title='bbox 1619 2678 2040 2742; x_wconf 88' lang='lat' dir='ltr'>pugnatumque</span> <span class='ocrx_word' id='word_1_265' title='bbox 2081 2674 2161 2727; x_wconf 79' lang='lat' dir='ltr'>ed.</span> <span class='ocrx_word' id='word_1_266' title='bbox 2201 2675 2346 2726; x_wconf 79' lang='lat' dir='ltr'>Bas,</span> <span class='ocrx_word' id='word_1_267' title='bbox 2381 2676 2539 2742; x_wconf 84' lang='lat'><strong><em>1531,</em></strong></span> <span class='ocrx_word' id='word_1_268' title='bbox 2589 2675 2756 2727; x_wconf 85' lang='lat' dir='ltr'>Mad-</span> 
     </span>
     <span class='ocr_line' id='line_1_29' title="bbox 347 2762 2756 2833; baseline 0.001 -18"><span class='ocrx_word' id='word_1_269' title='bbox 347 2763 435 2830; x_wconf 73' lang='lat' dir='ltr'>viy</span> <span class='ocrx_word' id='word_1_270' title='bbox 481 2762 571 2831; x_wconf 79' lang='lat' dir='ltr'>(ef.</span> <span class='ocrx_word' id='word_1_271' title='bbox 620 2763 685 2815; x_wconf 84' lang='lat' dir='ltr'>de</span> <span class='ocrx_word' id='word_1_272' title='bbox 730 2780 837 2815; x_wconf 79' lang='lat' dir='ltr'>usu</span> <span class='ocrx_word' id='word_1_273' title='bbox 881 2763 1004 2815; x_wconf 83' lang='lat' dir='ltr'>Liv.</span> <span class='ocrx_word' id='word_1_274' title='bbox 1050 2763 1252 2815; x_wconf 72' lang='lat' dir='ltr'>Novcik</span> <span class='ocrx_word' id='word_1_275' title='bbox 1306 2763 1460 2815; x_wconf 63' lang='lat' dir='ltr'>&amp;eske&#39;</span> <span class='ocrx_word' id='word_1_276' title='bbox 1512 2780 1647 2815; x_wconf 81' lang='lat' dir='ltr'>mus.</span> <span class='ocrx_word' id='word_1_277' title='bbox 1694 2763 1783 2831; x_wconf 84' lang='lat' dir='ltr'>fil.</span> <span class='ocrx_word' id='word_1_278' title='bbox 1842 2762 1932 2814; x_wconf 90' lang='lat' dir='ltr'>VI</span> <span class='ocrx_word' id='word_1_279' title='bbox 1971 2780 2032 2830; x_wconf 79' lang='lat' dir='ltr'>p.</span> <span class='ocrx_word' id='word_1_280' title='bbox 2089 2766 2199 2831; x_wconf 87' lang='grc'>98),</span> <span class='ocrx_word' id='word_1_281' title='bbox 2259 2763 2535 2816; x_wconf 87' lang='lat' dir='ltr'>commisit</span> <span class='ocrx_word' id='word_1_282' title='bbox 2589 2768 2756 2833; x_wconf 87' lang='lat' dir='ltr'>atque</span> 
     </span>
     <span class='ocr_line' id='line_1_30' title="bbox 348 2851 2756 2921; baseline 0 -16"><span class='ocrx_word' id='word_1_283' title='bbox 348 2856 658 2920; x_wconf 88' lang='lat' dir='ltr'>pugnatum</span> <span class='ocrx_word' id='word_1_284' title='bbox 698 2852 977 2921; x_wconf 69' lang='lat' dir='ltr'>Kreyssiy,</span> <span class='ocrx_word' id='word_1_285' title='bbox 1025 2852 1240 2905; x_wconf 79' lang='lat' dir='ltr'>Vahlen</span> <span class='ocrx_word' id='word_1_286' title='bbox 1280 2851 1314 2903; x_wconf 82' lang='lat' dir='ltr'>Z.</span> <span class='ocrx_word' id='word_1_287' title='bbox 1356 2853 1391 2904; x_wconf 80' lang='lat' dir='ltr'>l.</span> <span class='ocrx_word' id='word_1_288' title='bbox 1422 2868 1480 2919; x_wconf 80' lang='lat' dir='ltr'>p.</span> <span class='ocrx_word' id='word_1_289' title='bbox 1524 2855 1619 2918; x_wconf 76' lang='lat'><strong><em>12,·</em></strong></span> <span class='ocrx_word' id='word_1_290' title='bbox 1656 2851 1957 2919; x_wconf 78' lang='lat' dir='ltr'>commisit3</span> <span class='ocrx_word' id='word_1_291' title='bbox 2007 2857 2320 2921; x_wconf 88' lang='lat' dir='ltr'>pugnatum</span> <span class='ocrx_word' id='word_1_292' title='bbox 2360 2852 2561 2905; x_wconf 76' lang='lat' dir='ltr'>Novdk</span> <span class='ocrx_word' id='word_1_293' title='bbox 2597 2851 2756 2905; x_wconf 79' lang='lat' dir='ltr'>Stud.</span> 
     </span>
     <span class='ocr_line' id='line_1_31' title="bbox 359 2940 2757 3013; baseline 0.001 -21"><span class='ocrx_word' id='word_1_294' title='bbox 359 2941 520 2993; x_wconf 79' lang='lat' dir='ltr'>Vind.</span> <span class='ocrx_word' id='word_1_295' title='bbox 542 2942 674 3009; x_wconf 89' lang='lat' dir='ltr'>XV,</span> <span class='ocrx_word' id='word_1_296' title='bbox 689 2960 748 3009; x_wconf 84' lang='lat' dir='ltr'>p.</span> <span class='ocrx_word' id='word_1_297' title='bbox 773 2944 908 2995; x_wconf 80' lang='lat'>253.</span> <span class='ocrx_word' id='word_1_298' title='bbox 932 2941 939 3007; x_wconf 88' lang='lat' dir='ltr'>l</span> <span class='ocrx_word' id='word_1_299' title='bbox 964 2940 1408 3013; x_wconf 68' lang='lat' dir='ltr'>utrissquesitleui‚</span> <span class='ocrx_word' id='word_1_300' title='bbox 1430 2940 1709 3009; x_wconf 85' lang='lat' dir='ltr'>utrimque</span> <span class='ocrx_word' id='word_1_301' title='bbox 1731 2946 1816 2994; x_wconf 87' lang='lat' dir='ltr'>est</span> <span class='ocrx_word' id='word_1_302' title='bbox 1839 2940 1948 2994; x_wconf 90' lang='lat' dir='ltr'>levi</span> <span class='ocrx_word' id='word_1_303' title='bbox 1970 2940 2049 2993; x_wconf 84' lang='lat' dir='ltr'>ed.</span> <span class='ocrx_word' id='word_1_304' title='bbox 2070 2943 2207 3002; x_wconf 71' lang='lat' dir='ltr'>Bas.</span> <span class='ocrx_word' id='word_1_305' title='bbox 2239 2944 2400 3008; x_wconf 85' lang='lat'><strong><em>1531,</em></strong></span> <span class='ocrx_word' id='word_1_306' title='bbox 2426 2941 2757 3010; x_wconf 89' lang='lat' dir='ltr'>utrimquest</span> 
     </span>
     <span class='ocr_line' id='line_1_32' title="bbox 347 3029 2751 3102; baseline 0 -19"><span class='ocrx_word' id='word_1_307' title='bbox 347 3030 461 3084; x_wconf 88' lang='lat' dir='ltr'>levi</span> <span class='ocrx_word' id='word_1_308' title='bbox 480 3031 758 3099; x_wconf 65' lang='lat' dir='ltr'>Kreyssiq,</span> <span class='ocrx_word' id='word_1_309' title='bbox 779 3031 952 3083; x_wconf 71' lang='lat' dir='ltr'>Hertz</span> <span class='ocrx_word' id='word_1_310' title='bbox 979 3032 1071 3098; x_wconf 84' lang='lat' dir='ltr'>(cf.</span> <span class='ocrx_word' id='word_1_311' title='bbox 1094 3030 1307 3083; x_wconf 82' lang='lat' dir='ltr'>Vahlen</span> <span class='ocrx_word' id='word_1_312' title='bbox 1330 3031 1452 3100; x_wconf 81' lang='lat' dir='ltr'>Z.Z.).</span> <span class='ocrx_word' id='word_1_313' title='bbox 1489 3034 1495 3095; x_wconf 89' lang='grc' dir='ltr'>Ι</span> <span class='ocrx_word' id='word_1_314' title='bbox 1532 3032 1580 3083; x_wconf 93' lang='grc'><strong>6.</strong></span> <span class='ocrx_word' id='word_1_315' title='bbox 1604 3029 1947 3098; x_wconf 86' lang='lat' dir='ltr'>utriusquae.</span> <span class='ocrx_word' id='word_1_316' title='bbox 1974 3030 1978 3100; x_wconf 70' lang='lat' dir='ltr'>l</span> <span class='ocrx_word' id='word_1_317' title='bbox 2008 3032 2054 3082; x_wconf 84' lang='lat'>7.</span> <span class='ocrx_word' id='word_1_318' title='bbox 2077 3047 2320 3097; x_wconf 87' lang='lat' dir='ltr'>passum.</span> <span class='ocrx_word' id='word_1_319' title='bbox 2356 3032 2363 3098; x_wconf 89' lang='grc' dir='ltr'>Ι</span> <span class='ocrx_word' id='word_1_320' title='bbox 2395 3030 2751 3102; x_wconf 71' lang='lat' dir='ltr'>medissdium.l</span> 
     </span>
     <span class='ocr_line' id='line_1_33' title="bbox 349 3119 2756 3190; baseline 0 -17"><span class='ocrx_word' id='word_1_321' title='bbox 349 3120 479 3174; x_wconf 90' lang='lat' dir='ltr'>albi.</span> <span class='ocrx_word' id='word_1_322' title='bbox 514 3125 522 3185; x_wconf 77' lang='grc' dir='ltr'>Ι</span> <span class='ocrx_word' id='word_1_323' title='bbox 556 3122 604 3173; x_wconf 88' lang='grc'>9.</span> <span class='ocrx_word' id='word_1_324' title='bbox 643 3120 773 3174; x_wconf 84' lang='grc'><strong>111116</strong></span> <span class='ocrx_word' id='word_1_325' title='bbox 809 3138 942 3190; x_wconf 90' lang='lat' dir='ltr'>rege</span> <span class='ocrx_word' id='word_1_326' title='bbox 983 3120 1112 3173; x_wconf 78' lang='lat' dir='ltr'>add.</span> <span class='ocrx_word' id='word_1_327' title='bbox 1153 3120 1235 3173; x_wconf 83' lang='lat' dir='ltr'>ed.</span> <span class='ocrx_word' id='word_1_328' title='bbox 1275 3120 1408 3172; x_wconf 77' lang='lat' dir='ltr'>Bas,</span> <span class='ocrx_word' id='word_1_329' title='bbox 1449 3123 1593 3172; x_wconf 88' lang='grc'><strong>1531</strong></span> <span class='ocrx_word' id='word_1_330' title='bbox 1631 3120 1867 3186; x_wconf 79' lang='lat' dir='ltr'>(videtur</span> <span class='ocrx_word' id='word_1_331' title='bbox 1902 3120 2165 3186; x_wconf 71' lang='lat' dir='ltr'>scriptum</span> <span class='ocrx_word' id='word_1_332' title='bbox 2199 3119 2416 3185; x_wconf 77' lang='lat' dir='ltr'>fuisse:</span> <span class='ocrx_word' id='word_1_333' title='bbox 2457 3119 2586 3173; x_wconf 89' lang='lat' dir='ltr'>hinc</span> <span class='ocrx_word' id='word_1_334' title='bbox 2623 3136 2756 3188; x_wconf 90' lang='lat' dir='ltr'>rege</span> 
     </span>
     <span class='ocr_line' id='line_1_34' title="bbox 349 3208 2753 3278; baseline -0.001 -15"><span class='ocrx_word' id='word_1_335' title='bbox 349 3226 473 3263; x_wconf 91' lang='lat' dir='ltr'>cum</span> <span class='ocrx_word' id='word_1_336' title='bbox 513 3210 874 3263; x_wconf 84' lang='lat' dir='ltr'>Macedonum</span> <span class='ocrx_word' id='word_1_337' title='bbox 915 3210 1180 3276; x_wconf 79' lang='lat' dir='ltr'>exercitU,</span> <span class='ocrx_word' id='word_1_338' title='bbox 1221 3209 1348 3261; x_wconf 91' lang='lat' dir='ltr'>hinc</span> <span class='ocrx_word' id='word_1_339' title='bbox 1384 3208 1625 3277; x_wconf 63' lang='lat' dir='ltr'>Madvig]</span> <span class='ocrx_word' id='word_1_340' title='bbox 1660 3209 1722 3260; x_wconf 84' lang='lat' dir='ltr'>in</span> <span class='ocrx_word' id='word_1_341' title='bbox 1764 3209 1899 3260; x_wconf 82' lang='lat' dir='ltr'>adn.</span> <span class='ocrx_word' id='word_1_342' title='bbox 1936 3208 2017 3260; x_wconf 83' lang='lat' dir='ltr'>ed.</span> <span class='ocrx_word' id='word_1_343' title='bbox 2047 3225 2107 3275; x_wconf 79' lang='lat' dir='ltr'>p.</span> <span class='ocrx_word' id='word_1_344' title='bbox 2148 3209 2299 3278; x_wconf 87' lang='lat'><strong><em>193).</em></strong></span> <span class='ocrx_word' id='word_1_345' title='bbox 2354 3212 2359 3275; x_wconf 76' lang='grc' dir='ltr'>Ι</span> <span class='ocrx_word' id='word_1_346' title='bbox 2415 3209 2497 3260; x_wconf 82' lang='grc'>12.</span> <span class='ocrx_word' id='word_1_347' title='bbox 2543 3208 2753 3277; x_wconf 88' lang='lat' dir='ltr'>ligusti,</span> 
     </span>
     <span class='ocr_line' id='line_1_35' title="bbox 349 3296 2754 3367; baseline 0 -17"><span class='ocrx_word' id='word_1_348' title='bbox 349 3315 485 3351; x_wconf 80' lang='lat' dir='ltr'>cor-r.</span> <span class='ocrx_word' id='word_1_349' title='bbox 525 3299 604 3351; x_wconf 81' lang='lat' dir='ltr'>ed.</span> <span class='ocrx_word' id='word_1_350' title='bbox 643 3299 781 3351; x_wconf 79' lang='lat' dir='ltr'>Bas.</span> <span class='ocrx_word' id='word_1_351' title='bbox 819 3301 973 3351; x_wconf 85' lang='lat'>1531.</span> <span class='ocrx_word' id='word_1_352' title='bbox 1008 3300 1014 3366; x_wconf 91' lang='grc' dir='ltr'>Ι</span> <span class='ocrx_word' id='word_1_353' title='bbox 1050 3298 1410 3363; x_wconf 89' lang='lat' dir='ltr'>ferecoeptui.</span> <span class='ocrx_word' id='word_1_354' title='bbox 1445 3298 1452 3364; x_wconf 87' lang='grc' dir='ltr'>Ι</span> <span class='ocrx_word' id='word_1_355' title='bbox 1491 3299 1571 3350; x_wconf 83' lang='lat'>13.</span> <span class='ocrx_word' id='word_1_356' title='bbox 1614 3296 1928 3367; x_wconf 65' lang='lat' dir='ltr'>direplltum.</span> <span class='ocrx_word' id='word_1_357' title='bbox 1962 3300 1970 3361; x_wconf 87' lang='grc' dir='ltr'>Ι</span> <span class='ocrx_word' id='word_1_358' title='bbox 2005 3302 2117 3363; x_wconf 87' lang='lat' dir='ltr'>aut,</span> <span class='ocrx_word' id='word_1_359' title='bbox 2157 3297 2307 3351; x_wconf 89' lang='lat' dir='ltr'>haud</span> <span class='ocrx_word' id='word_1_360' title='bbox 2347 3297 2428 3349; x_wconf 85' lang='lat' dir='ltr'>ed.</span> <span class='ocrx_word' id='word_1_361' title='bbox 2457 3298 2612 3365; x_wconf 64' lang='lat' dir='ltr'>Bas„</span> <span class='ocrx_word' id='word_1_362' title='bbox 2653 3297 2754 3351; x_wconf 81' lang='lat' dir='ltr'>del.</span> 
     </span>
     <span class='ocr_line' id='line_1_36' title="bbox 347 3384 2748 3456; baseline -0.001 -16"><span class='ocrx_word' id='word_1_363' title='bbox 347 3388 553 3440; x_wconf 76' lang='lat' dir='ltr'>Duker.</span> <span class='ocrx_word' id='word_1_364' title='bbox 589 3391 595 3453; x_wconf 87' lang='grc' dir='ltr'>Ι</span> <span class='ocrx_word' id='word_1_365' title='bbox 632 3388 714 3440; x_wconf 87' lang='grc'>15.</span> <span class='ocrx_word' id='word_1_366' title='bbox 755 3387 933 3455; x_wconf 87' lang='lat' dir='ltr'>abhis,</span> <span class='ocrx_word' id='word_1_367' title='bbox 974 3404 1111 3439; x_wconf 75' lang='lat' dir='ltr'>corr.</span> <span class='ocrx_word' id='word_1_368' title='bbox 1149 3386 1426 3456; x_wconf 73' lang='lat' dir='ltr'>Kreyssiy.</span> <span class='ocrx_word' id='word_1_369' title='bbox 1463 3388 1470 3454; x_wconf 85' lang='grc' dir='ltr'>Ι</span> <span class='ocrx_word' id='word_1_370' title='bbox 1510 3389 1591 3439; x_wconf 86' lang='grc'>17.</span> <span class='ocrx_word' id='word_1_371' title='bbox 1631 3402 1757 3455; x_wconf 92' lang='lat' dir='ltr'>qua.</span> <span class='ocrx_word' id='word_1_372' title='bbox 1794 3387 1800 3453; x_wconf 93' lang='grc' dir='ltr'>Ι</span> <span class='ocrx_word' id='word_1_373' title='bbox 1844 3386 1930 3438; x_wconf 81' lang='lat'>20.</span> <span class='ocrx_word' id='word_1_374' title='bbox 1968 3384 2748 3456; x_wconf 69' lang='lat' dir='ltr'>plurimoseodictollamissis.1</span> 
     </span>
     <span class='ocr_line' id='line_1_37' title="bbox 348 3475 2753 3545; baseline 0 -18"><span class='ocrx_word' id='word_1_375' title='bbox 348 3477 434 3529; x_wconf 81' lang='lat'>21.</span> <span class='ocrx_word' id='word_1_376' title='bbox 474 3476 777 3545; x_wconf 84' lang='lat' dir='ltr'>digressus,</span> <span class='ocrx_word' id='word_1_377' title='bbox 817 3492 955 3529; x_wconf 85' lang='lat' dir='ltr'>corr.</span> <span class='ocrx_word' id='word_1_378' title='bbox 993 3477 1044 3529; x_wconf 94' lang='grc' dir='ltr'><strong>Ι.</strong></span> <span class='ocrx_word' id='word_1_379' title='bbox 1081 3476 1152 3528; x_wconf 85' lang='lat' dir='ltr'>F.</span> <span class='ocrx_word' id='word_1_380' title='bbox 1198 3476 1527 3529; x_wconf 72' lang='lat' dir='ltr'>Gronovius.</span> <span class='ocrx_word' id='word_1_381' title='bbox 1579 3479 1588 3542; x_wconf 81' lang='grc' dir='ltr'>Ι</span> <span class='ocrx_word' id='word_1_382' title='bbox 1638 3476 1724 3528; x_wconf 80' lang='grc'><strong>22.</strong></span> <span class='ocrx_word' id='word_1_383' title='bbox 1763 3475 2055 3542; x_wconf 88' lang='lat' dir='ltr'>uelutaper</span> <span class='ocrx_word' id='word_1_384' title='bbox 2108 3477 2116 3543; x_wconf 90' lang='grc' dir='ltr'>Ι</span> <span class='ocrx_word' id='word_1_385' title='bbox 2165 3476 2228 3528; x_wconf 88' lang='lat' dir='ltr'>in</span> <span class='ocrx_word' id='word_1_386' title='bbox 2266 3480 2387 3529; x_wconf 88' lang='lat' dir='ltr'>erat</span> <span class='ocrx_word' id='word_1_387' title='bbox 2414 3476 2622 3543; x_wconf 79' lang='lat' dir='ltr'>finitur</span> <span class='ocrx_word' id='word_1_388' title='bbox 2645 3476 2753 3543; x_wconf 85' lang='lat' dir='ltr'>fol.</span> 
     </span>
     <span class='ocr_line' id='line_1_38' title="bbox 348 3564 2757 3633; baseline -0 -16"><span class='ocrx_word' id='word_1_389' title='bbox 348 3569 462 3617; x_wconf 86' lang='lat'>136</span> <span class='ocrx_word' id='word_1_390' title='bbox 469 3586 489 3631; x_wconf 88' lang='grc'>,·</span> <span class='ocrx_word' id='word_1_391' title='bbox 533 3566 928 3618; x_wconf 78' lang='lat' dir='ltr'>interciderunt</span> <span class='ocrx_word' id='word_1_392' title='bbox 974 3566 1354 3633; x_wconf 70' lang='lat' dir='ltr'>quaternionis</span> <span class='ocrx_word' id='word_1_393' title='bbox 1399 3566 1629 3617; x_wconf 81' lang='lat' dir='ltr'>XXVI.</span> <span class='ocrx_word' id='word_1_394' title='bbox 1676 3565 1832 3630; x_wconf 84' lang='lat' dir='ltr'>folia</span> <span class='ocrx_word' id='word_1_395' title='bbox 1880 3571 2144 3632; x_wconf 71' lang='lat' dir='ltr'>quattuor</span> <span class='ocrx_word' id='word_1_396' title='bbox 2197 3564 2395 3631; x_wconf 82' lang='lat' dir='ltr'>media,</span> <span class='ocrx_word' id='word_1_397' title='bbox 2442 3567 2504 3616; x_wconf 89' lang='lat' dir='ltr'>in</span> <span class='ocrx_word' id='word_1_398' title='bbox 2561 3565 2757 3632; x_wconf 77' lang='lat' dir='ltr'>quibus</span> 
     </span>
     <span class='ocr_line' id='line_1_39' title="bbox 350 3654 2754 3722; baseline -0.001 -15"><span class='ocrx_word' id='word_1_399' title='bbox 350 3671 491 3722; x_wconf 80' lang='lat' dir='ltr'>quae</span> <span class='ocrx_word' id='word_1_400' title='bbox 528 3657 738 3721; x_wconf 77' lang='lat' dir='ltr'>scripta</span> <span class='ocrx_word' id='word_1_401' title='bbox 764 3656 1001 3722; x_wconf 77' lang='lat' dir='ltr'>fuerint,</span> <span class='ocrx_word' id='word_1_402' title='bbox 1041 3672 1066 3707; x_wconf 86' lang='lat' dir='ltr'>e</span> <span class='ocrx_word' id='word_1_403' title='bbox 1104 3654 1403 3708; x_wconf 76' lang='lat' dir='ltr'>Plutarchi</span> <span class='ocrx_word' id='word_1_404' title='bbox 1438 3655 1636 3707; x_wconf 80' lang='lat' dir='ltr'>Aemil.</span> <span class='ocrx_word' id='word_1_405' title='bbox 1674 3654 1842 3707; x_wconf 81' lang='lat' dir='ltr'>Paul.</span> <span class='ocrx_word' id='word_1_406' title='bbox 1882 3670 2001 3722; x_wconf 79' lang='lat' dir='ltr'>cap.</span> <span class='ocrx_word' id='word_1_407' title='bbox 2038 3657 2259 3706; x_wconf 85' lang='grc'><strong>15-17</strong></span> <span class='ocrx_word' id='word_1_408' title='bbox 2292 3654 2533 3721; x_wconf 72' lang='lat' dir='ltr'>intelleyi</span> <span class='ocrx_word' id='word_1_409' title='bbox 2562 3659 2754 3720; x_wconf 74' lang='lat' dir='ltr'>potest.</span> 
     </span>
     <span class='ocr_line' id='line_1_40' title="bbox 352 3743 1376 3812; baseline -0.001 -16"><span class='ocrx_word' id='word_1_410' title='bbox 352 3744 442 3811; x_wconf 82' lang='lat' dir='ltr'>(cf.</span> <span class='ocrx_word' id='word_1_411' title='bbox 481 3745 551 3796; x_wconf 90' lang='lat' dir='ltr'>B.</span> <span class='ocrx_word' id='word_1_412' title='bbox 590 3745 752 3797; x_wconf 74' lang='lat' dir='ltr'>Niese</span> <span class='ocrx_word' id='word_1_413' title='bbox 791 3745 826 3797; x_wconf 82' lang='lat' dir='ltr'>l.</span> <span class='ocrx_word' id='word_1_414' title='bbox 869 3745 900 3797; x_wconf 83' lang='lat' dir='ltr'>I.</span> <span class='ocrx_word' id='word_1_415' title='bbox 940 3743 1064 3811; x_wconf 86' lang='lat' dir='ltr'><strong><em>III,</em></strong></span> <span class='ocrx_word' id='word_1_416' title='bbox 1096 3762 1158 3812; x_wconf 78' lang='lat' dir='ltr'>p.</span> <span class='ocrx_word' id='word_1_417' title='bbox 1200 3747 1334 3810; x_wconf 87' lang='grc'><strong>161).</strong></span> <span class='ocrx_word' id='word_1_418' title='bbox 1371 3748 1376 3810; x_wconf 73' lang='lat'>1</span> 
     </span>
    </p>
   </div>
  </div>
 </body>
</html>
