3005 4257
368 233 452 296 20
863 247 1089 300 LIBER
1126 247 1327 302 XLIV.
1370 247 1535 300 CAP.
1579 248 1661 301 13.
1708 249 1788 302 14.
1831 250 1904 317 [a.
1945 248 2008 302 U.
2049 265 2093 302 c.
2135 249 2259 318 585]

371 427 609 491 Oreum
687 427 988 490 Euboeae
1062 426 1240 508 petit,
1328 447 1470 489 eam
1556 427 1778 490 urbem
1852 428 2258 510 aptissimam
2333 435 2529 510 ratus,
2607 431 2779 493 unde

371 515 783 595 exercitibuS,
842 516 951 596 qui
1007 515 1075 578 in
1131 515 1515 579 Macedonia
1563 515 1799 597 quique
1856 516 1919 579 in
1968 517 2311 581 Thessalia
2368 526 2566 597 erant,
2615 518 2780 582 mitti

280 619 332 661 12
371 610 768 669 commeatus
814 613 1096 688 possent.
1155 604 1236 668 de
1285 604 1571 668 Eumene
1625 625 1779 688 rege
1837 606 2027 688 longe
2077 607 2341 671 diversa
2397 608 2675 671 tradunt.
2726 608 2780 672 si

369 694 628 758 Valerio
693 694 939 758 Antiati
1006 694 1255 773 credas,
1323 714 1441 757 nec
1501 695 1710 759 classe
1777 695 2066 759 adiutum
2136 697 2218 760 ab
2277 717 2354 760 eo
2417 705 2780 779 praetorem

369 801 531 864 esse,
581 802 725 847 cum
777 803 973 866 saepe
1022 804 1167 848 eum
1215 783 1448 847 litteris
1497 784 1898 862 accersisset,
1950 784 2165 866 tradit,
2215 806 2332 849 nec
2374 806 2519 849 cum
2567 786 2781 868 gratia
2849 792 2873 833 5

371 873 453 936 ab
512 874 774 938 consule
829 872 1188 955 profectum
1245 871 1313 934 in
1367 872 1611 952 Asiam,
1666 873 2094 954 indignatum,
2158 875 2347 955 quod,
2413 882 2483 938 ut
2550 877 2782 939 iisdem

281 976 334 1018 13
372 963 601 1026 castris
659 963 968 1041 tenderet,
1023 961 1407 1044 permissum
1465 983 1596 1026 non
1626 963 1857 1044 ‚fuerit3
1926 984 2006 1026 ne
2074 973 2143 1028 ut
2210 965 2461 1045 equites
2522 965 2782 1045 quidem

371 1051 613 1130 Gallos,
689 1071 848 1133 quos
915 1071 1133 1115 secum
1209 1051 1592 1130 adduxerat,
1663 1052 2067 1133 relinqueret,
2141 1053 2473 1136 impetrari
2550 1056 2630 1119 ab
2709 1075 2783 1118 eo

281 1154 333 1196 14
371 1140 676 1223 potuisse.
722 1141 1015 1204 Attalum
1063 1140 1325 1204 fratrem
1375 1141 1514 1205 eius
1555 1150 1618 1205 et
1654 1141 2045 1207 remansisse
2093 1144 2269 1226 apud
2316 1143 2668 1224 consulem,
2720 1152 2783 1206 et

373 1230 687 1294 sinceram
737 1231 875 1293 eius
920 1229 1112 1294 fidem
1160 1231 1418 1310 aequali
1477 1238 1696 1294 tenore
1753 1233 2212 1314 egregiamque
2272 1253 2531 1315 operam
2592 1234 2659 1296 in
2707 1253 2782 1297 eo
2826 1235 2881 1278 10

370 1320 539 1383 bello
588 1318 804 1383 fuisse.

307 1420 330 1461 1
584 1409 754 1472 XIV.
804 1409 973 1472 Dum
1014 1408 1253 1470 bellum
1293 1407 1359 1470 in
1396 1408 1780 1472 Macedonia
1818 1410 2079 1492 geritur,
2120 1410 2322 1491 legati
2360 1411 2776 1493 Transalpini

372 1497 454 1560 ab
511 1498 734 1579 regulo
793 1498 1124 1561 Gallorum
1182 1535 1268 1543 —-
1327 1499 1607 1562 Balanos
1665 1498 1870 1581 ipsius
1926 1500 2199 1563 traditur
2255 1520 2511 1582 nomen;
2568 1500 2781 1581 gentis

373 1607 453 1650 ex
501 1605 628 1666 qua
674 1587 884 1667 fuerit,
934 1607 1061 1649 non
1109 1587 1381 1650 traditur
1428 1625 1515 1633 —-
1563 1587 1834 1651 Romam
1892 1597 2203 1653 venerunt
2260 1590 2642 1671 pollicentes
2692 1590 2777 1653 ad

318 1676 858 1740 2Macedonicum
905 1677 1145 1741 bellum
1193 1676 1456 1739 auxilia.
1514 1677 1762 1758 gratiae
1818 1678 1901 1741 ab
1959 1687 2187 1742 senatu
2244 1686 2430 1743 acta-e
2489 1699 2777 1742 munera-
2823 1679 2879 1724 15

372 1784 497 1845 que
536 1766 752 1845 missa,
790 1767 1037 1846 torquis
1078 1785 1310 1829 aureus
1351 1766 1477 1829 duo
1518 1767 1729 1848 pondo
1778 1774 1841 1830 et
1885 1775 2150 1849 paterae
2199 1787 2433 1831 aureae
2482 1776 2782 1849 quattuor

310 1865 334 1907 3
371 1853 602 1936 pond0,
669 1874 869 1936 equus
935 1854 1308 1936 phaleratus
1375 1874 1683 1935 armaque
1740 1856 2083 1937 equestria.
2151 1859 2503 1921 secundum
2562 1857 2783 1921 Gallos

372 1944 741 2028 Pamphylii
791 1944 993 2027 legati
1042 1963 1339 2008 coronam
1388 1964 1649 2008 auream
1698 1966 1779 2009 ex
1836 1946 2065 2028 viginti
2118 1946 2376 2010 milibus
2416 1947 2780 2030 Philippeo-

374 2053 509 2096 rum
557 2032 797 2097 factam
844 2034 911 2096 in
951 2034 1193 2097 curiam
1233 2034 1601 2113 intulerunt,
1647 2036 2148 2116 petentibusque
2186 2036 2281 2114 iis,
2329 2042 2398 2099 ut
2436 2036 2505 2099 id
2547 2037 2784 2101 donum

372 2123 438 2185 in
487 2122 650 2187 cella
695 2122 871 2187 Iovis
920 2123 1143 2206 optimi
1201 2123 1466 2188 maximi
1516 2145 1754 2207 ponere
1812 2133 1876 2188 et
1925 2124 2288 2190 sacrificare
2347 2125 2410 2189 in
2460 2126 2780 2209 Capitolio
2820 2124 2879 2168 2⁰

311 2223 337 2263 4
371 2212 618 2290 liceret,
674 2213 1086 2296 permissum3
1146 2213 1556 2295 benigneque
1616 2214 1968 2278 amicitiam
2035 2235 2346 2279 renovare
2415 2217 2781 2280 volentibus

372 2303 607 2383 legatis
645 2321 1021 2385 responsum
1061 2310 1123 2366 et
1161 2302 1379 2366 binum
1422 2303 1667 2367 milium
1707 2304 1876 2367 aeris
1914 2304 2187 2385 singulis
2227 2305 2492 2368 missum
2533 2326 2783 2371 munus

312 2402 338 2444 5
373 2401 507 2455 tum
556 2392 639 2454 ab
678 2411 828 2473 rege
867 2392 1095 2455 Prusia
1135 2399 1198 2454 et
1235 2391 1429 2474 paulo
1477 2400 1623 2475 post
1661 2394 1744 2456 ab
1784 2392 2052 2457 Rhodiis
2095 2393 2175 2456 de
2215 2394 2441 2458 eadem
2487 2415 2555 2457 re
2591 2396 2785 2475 longe

375 2480 563 2543 aliter
623 2481 1010 2545 disserentes
1065 2483 1267 2562 legati
1336 2481 1544 2544 auditi
1604 2488 1767 2546 sunt.
1835 2488 2104 2563 utraque
2170 2483 2414 2566 legatio
2484 2484 2563 2547 de
2625 2504 2788 2567 pace

312 2579 338 2621 6
373 2569 858 2633 reconcilianda
906 2589 1050 2632 cum
1099 2589 1252 2651 rege
1299 2571 1533 2634 Perseo
1581 2570 1731 2652 egit.
1774 2572 2039 2635 Prusiae
2079 2591 2303 2654 preces
2345 2574 2553 2655 magis
2595 2594 2788 2655 quam
2829 2568 2889 2613 25

374 2659 722 2740 postulatio
778 2658 972 2736 fuere,
1030 2659 1390 2741 profitentis
1449 2667 1514 2724 et
1569 2660 1655 2723 ad
1712 2660 1780 2723 id
1835 2667 2089 2743 tempus
2150 2682 2220 2725 se
2276 2682 2419 2726 cum
2478 2663 2790 2727 Romanis

312 2756 337 2800 ⁷
377 2748 630 2811 stetisse
679 2755 762 2826 et,
810 2748 1025 2828 quoad
1073 2748 1311 2812 bellum
1359 2747 1541 2828 foret,
1589 2758 1925 2831 staturum3
1976 2758 2256 2814 ceterum
2308 2771 2452 2815 cum
2501 2753 2586 2818 ad
2635 2773 2703 2817 se
2753 2776 2792 2817 a

595 2980 639 3029 l.
689 2978 1118 3045 oreumboetiae,
1169 2979 1367 3031 Oreum
1415 2979 1679 3033 Euboeae
1727 2981 1777 3034 Ι.
1816 2980 1888 3033 F.
1941 2980 2269 3037 Gronovius.
2322 2986 2330 3050 Ι
2383 2983 2788 3054 urbellurbem.f

376 3066 424 3117 2.
463 3065 671 3133 quiain.
725 3066 732 3131 Ι
782 3065 1030 3119 tessalia.
1081 3066 1088 3133 Ι
1142 3066 1189 3117 3.
1230 3066 1453 3120 diversa
1485 3067 1670 3134 <alii>
1712 3069 1944 3122 tradunt
1980 3070 2216 3139 Madvig
2251 3073 2375 3125 Em.
2416 3073 2483 3124 L.
2511 3088 2573 3138 p.
2617 3073 2745 3122 686.
2780 3069 2785 3138 Ι

374 3156 425 3206 4.
464 3152 706 3225 anfltiaci.
760 3154 767 3221 Ι
819 3155 868 3207 6.
906 3155 1101 3208 isdem.
1154 3157 1160 3220 Ι
1215 3157 1262 3208 7.
1300 3157 1577 3211 tendeset.
1632 3158 1637 3224 Ι
1689 3158 1738 3210 8.
1780 3159 2413 3228 adduxeretreliquerat.
2457 3161 2465 3227 Ι
2506 3160 2555 3211 9.
2595 3160 2747 3224 aput.
2781 3168 2788 3231 ι

379 3242 461 3294 10.
499 3243 949 3311 aegregiamque.
995 3244 1000 3310 Ι
1048 3244 1130 3297 11.
1168 3244 1537 3316 belsslosuisse.
1581 3247 1590 3313 Ι
1634 3247 1715 3300 15.
1755 3264 2148 3316 muneraquae.
2185 3253 2191 3313 Ι
2228 3249 2308 3301 17.
2347 3245 2791 3319 ponssdocuipha-

371 3332 599 3399 leratuS,
650 3333 855 3400 pond0,
902 3348 1079 3400 equus
1128 3333 1454 3400 phaleratus
1494 3335 1575 3387 ed.
1617 3336 1755 3389 Bag.
1793 3340 1945 3390 1531.
1998 3339 2004 3405 1
2061 3338 2143 3391 18.
2181 3337 2430 3406 pampyli
2467 3336 2795 3408 (Pamphyli

376 3421 456 3474 ed.
494 3422 633 3474 Bas.
669 3423 847 3487 1531),
889 3437 1028 3475 corr.
1066 3421 1346 3491 Kreyssiy.
1399 3428 1406 3489 1
1459 3424 1604 3477 ·ΧΧ·
1643 3423 1886 3496 milillbus
1926 3427 2337 3494 philippiorum.
2372 3427 2380 3492 Ι
2423 3427 2509 3479 20.
2549 3425 2794 3481 incella.-

375 3513 756 3596 iompetereet,
798 3529 865 3595 cf.
917 3528 1131 3582 Vahlen
1170 3530 1369 3597 ephem.
1408 3530 1600 3584 Auser.
1637 3536 1782 3584 1861
1800 3550 1859 3599 p.
1898 3537 1947 3587 6.
1980 3534 1988 3601 Ι
2031 3534 2116 3587 21.
2152 3534 2793 3603 renouarenouantibus,

379 3632 515 3669 corr.
555 3617 635 3669 ed.
674 3618 812 3670 Bas.
847 3621 1009 3670 1531.
1061 3618 1069 3685 Ι
1120 3618 1207 3671 23.
1245 3619 1415 3672 rodis.
1468 3622 1474 3685 Ι
1527 3621 1984 3690 decademlonge,
2033 3623 2102 3675 de
2149 3623 2345 3676 eadem
2391 3640 2452 3677 re
2501 3626 2672 3693 longe
2712 3626 2795 3679 ed.

376 3706 515 3758 BaS.
551 3709 710 3773 1531,
750 3706 820 3759 de
859 3723 917 3760 re
957 3708 1153 3761 eadem
1193 3707 1364 3775 longe
1404 3708 1593 3761 Hertz.
1646 3711 1653 3777 Ι
1706 3710 1790 3762 24.
1829 3711 2438 3781 suntoraquaelegatio.
2481 3715 2489 3782 Ι
2541 3715 2623 3767 25.
2665 3730 2795 3784 pry-

379 3794 513 3847 siae.
567 3797 573 3862 Ι
625 3811 872 3862 praeces.
924 3795 932 3863 Ι
985 3797 1072 3849 26.
1110 3798 1395 3863 postulata
1437 3798 1579 3850 coni.
1618 3799 1670 3851 I.
1710 3798 1781 3853 F.
1825 3799 2149 3856 Gronovius,
2185 3801 2193 3869 Ι
2226 3803 2314 3856 27.
2353 3801 2796 3875 stetissetssquod-

377 3885 467 3936 ad.
504 3885 510 3950 Ι
545 3888 898 3939 statuturum.
