3005 4257
710 139 937 192 LIBER
975 139 1175 193 XLIV.
1217 139 1382 195 CAP.
1424 140 1510 192 38.
1550 140 1635 194 39.
1679 141 1752 208 [a.
1793 140 1858 194 U.
1897 157 1944 195 c.
1985 142 2107 211 586]
2539 130 2620 192 59

211 321 547 402 ignorasse
597 327 660 382 et
708 319 1008 383 hesterno
1056 319 1181 396 die,
1230 318 1621 400 explicatam
1678 319 1985 384 intuentis
2044 322 2273 402 aciem,
2332 323 2618 386 animad-

212 410 482 474 vertisse
548 415 791 473 certum
856 408 1082 472 habeo.
1158 428 1236 471 ex
1308 408 1429 471 hac
1495 415 1716 472 nostra
1782 411 2107 492 paucitate
2174 419 2403 493 quarta
2468 433 2620 494 pars
2685 428 2710 470 6

213 498 484 562 militum
540 497 868 579 praesidio
925 497 1385 580 inpedimentis
1440 498 1670 561 relicta
1727 506 1885 578 erat3
1955 520 2070 563 nec
2127 499 2620 582 ignavissimum

212 607 528 668 quemque
574 586 851 667 relinqui
898 587 982 649 ad
1031 587 1391 650 custodiam
1440 587 1838 651 sarcinarum
1887 588 2083 654 scitis.
2143 589 2260 653 sed
2307 589 2620 655 fuerimus
2685 607 2709 649 τ

146 689 172 729 ὃ
213 697 460 741 omnes:
506 696 777 760 parvom
827 676 946 739 hoc
993 675 1260 739 tandem
1299 695 1443 740 esse
1483 676 1825 756 credimus»,
1874 678 2046 758 quod
2092 700 2174 743 ex
2221 678 2323 742 his
2373 682 2624 761 castris,

120 1137 173 1178 10

120 2024 175 2065 20

213 769 276 829 in
326 767 557 847 quibus
606 765 727 828 hac
786 772 971 828 nocte
1029 765 1401 839 mansimus»,
1462 766 1701 828 exituri
1755 767 1820 829 in
1878 767 2085 831 aciem
2142 767 2455 832 hodierno
2513 778 2624 833 aut

211 876 525 919 summum
585 854 867 918 crastino
935 854 1057 933 die,
1122 854 1176 918 si
1243 855 1336 917 ita
1401 853 1745 935 videbitur,
1810 855 1934 919 diis
1998 856 2165 920 bene
2229 857 2624 939 iuvantibuS,

212 946 476 1008 sumus?
527 942 769 1008 nihilne
816 944 1096 1022 interest,
1144 949 1355 1007 utrum
1404 944 1700 1018 militem,
1748 963 1940 1024 quem
1988 964 2196 1025 neque
2243 947 2391 1010 viae
2441 946 2623 1011 labor
2687 964 2713 1006 s

213 1053 288 1096 eo
335 1034 440 1097 die
489 1052 695 1115 neque
742 1032 954 1116 operis
991 1032 1386 1115 fatigaverit,
1437 1032 1813 1113 requietum,
1860 1033 2181 1117 integrum
2228 1035 2296 1098 in
2344 1036 2622 1100 tentorio

213 1143 327 1186 suo
367 1143 546 1187 arma
586 1143 818 1204 capere
857 1121 1082 1186 iubeas
1120 1132 1315 1202 atque
1352 1122 1419 1184 in
1457 1124 1664 1185 aciem
1705 1123 1966 1204 plenum
2005 1124 2255 1202 virium,
2291 1124 2620 1206 vigentem

213 1219 277 1275 et
342 1232 603 1294 corpore
672 1217 735 1274 et
802 1211 1014 1276 animo
1083 1212 1339 1289 educaS,
1407 1232 1490 1273 an
1565 1211 1760 1293 longo
1837 1212 2065 1275 itinere
2140 1213 2482 1294 fatigatum
2559 1224 2621 1278 et
2685 1230 2711 1271 9

214 1321 406 1365 onere
476 1300 736 1378 fessum,
806 1300 1173 1364 madentem
1242 1300 1493 1380 sudore,
1553 1300 1886 1365 arentibus
1951 1301 2062 1366 siti
2128 1301 2447 1381 faucibus,
2514 1325 2622 1368 ore

212 1397 404 1471 atque
472 1390 672 1454 oculis
740 1389 1004 1472 repletis
1069 1390 1352 1472 pulvere,
1437 1396 1722 1453 torrente
1799 1390 2154 1454 meridiano
2229 1392 2386 1470 sole,
2455 1392 2621 1457 hosti

211 1480 459 1558 obicias
525 1479 785 1558 recenti,
850 1479 1155 1558 requieto,
1222 1478 1330 1558 qui
1394 1478 1574 1542 nulla
1637 1499 1706 1542 re
1773 1487 1923 1542 ante
1990 1487 2399 1563 consumptas
2455 1482 2624 1546 vires

147 1582 172 1622 ὃ
213 1569 297 1632 ad
335 1569 648 1654 proelium
698 1566 995 1632 adferat?
1046 1568 1205 1649 quis,
1252 1588 1368 1650 pro
1415 1567 1608 1630 deum
1657 1567 1871 1644 fidem,
1919 1568 2012 1631 ita
2060 1579 2468 1652 conparatuS,
2517 1572 2621 1635 vel
2665 1586 2713 1627 ιο

212 1660 384 1723 iners
431 1667 622 1739 atque
674 1657 949 1734 inbellis,
996 1656 1426 1721 fortissimum
1474 1658 1681 1720 virum
1728 1678 1857 1720 non
1906 1657 2175 1721 vicerit?
2227 1660 2401 1741 quid,
2452 1660 2622 1741 quod
2663 1675 2712 1715 11

211 1748 429 1812 hostes
494 1768 608 1830 per
663 1768 979 1812 summum
1036 1747 1233 1812 otium
1289 1746 1731 1810 instruxerant
1786 1746 2012 1825 aciem,
2071 1759 2622 1831 praeparaverant

212 1836 482 1914 animoS,
552 1838 812 1901 stabant
880 1835 1198 1919 conpositi
1260 1835 1393 1899 suis
1457 1836 1730 1916 quisque
1798 1837 2153 1915 ordinibuS,
2220 1837 2406 1903 nobis
2470 1846 2622 1903 tunc

214 1933 480 2008 repente
537 1926 994 2007 trepidandum
1061 1925 1125 1989 in
1194 1924 1333 1988 acie
1399 1924 1780 1989 instruenda
1847 1933 1987 1990 erat
2052 1934 2114 1990 et
2181 1927 2624 2010 incompositis

215 2014 716 2078 concurrendum
732 2016 764 2078 ‘?

433 2104 742 2168 XXXIX.
792 2104 876 2167 At
932 2103 1187 2168 hercule
1245 2102 1385 2169 acie
1440 2103 1700 2184 quidem
1748 2103 2082 2170 incondita
2130 2105 2626 2186 inordinataque
2693 2118 2710 2159 1

436 2390 482 2441 1.
520 2387 1118 2456 ignorassethesternO.
1155 2388 1162 2454 Ι
1204 2386 1842 2456 inplicalltamintuentis,
1886 2404 2022 2441 corr.
2063 2387 2113 2441 I.
2151 2386 2221 2439 F.
2266 2387 2624 2454 Gronovius!

215 2481 263 2532 6.
304 2475 1160 2548 hocnoctemansiturusexissturi‚
1201 2493 1337 2530 corr.
1378 2477 1458 2529 ed.
1486 2477 1623 2529 Bas.
1653 2478 1810 2528 1531.
1848 2477 1855 2542 Ι
1889 2477 1938 2528 7.
1968 2475 2394 2529 uidebaturdiis.
2429 2475 2437 2543 Ι
2471 2475 2520 2528 8.
2549 2475 2628 2528 la-

216 2566 541 2635 borehodie,
598 2583 736 2620 corr.
796 2566 1010 2619 Vahlen
1067 2567 1158 2633 (ef.
1215 2582 1358 2633 quae
1415 2565 1479 2617 de
1528 2565 1733 2618 erroris
1787 2565 1995 2632 oriyine
2052 2564 2183 2617 add.
2246 2565 2311 2617 G.
2361 2563 2628 2631 Heraeus',

223 2657 445 2725 Quaest.
484 2657 601 2709 erit.
641 2655 764 2709 Liv.
794 2672 855 2722 p.
900 2660 1003 2722 41).
1057 2656 1064 2722 Ι
1121 2655 1201 2707 10.
1242 2655 1442 2723 adque.
1497 2655 1504 2722 Ι
1558 2654 1693 2707 acie.
1747 2655 1754 2721 Ι
1810 2655 1892 2706 11.
1932 2654 2192 2708 educans
2255 2653 2261 2719 Ι
2322 2652 2625 2720 adlongO.l

221 2792 305 2844 12.
353 2756 552 2862 ene11re,
605 2807 773 2845 onere
822 2791 903 2843 ed.
951 2791 1089 2842 Bas.
1136 2790 1295 2856 1531,
1343 2805 1514 2856 opere
1563 2788 1826 2856 Kreyssiy
1876 2787 2151 2854 (Novakio
2188 2804 2249 2855 p.
2299 2790 2418 2839 224
2477 2786 2631 2838 lectio

217 2881 424 2948 duplex
466 2881 680 2933 subesse
723 2879 938 2932 videtur
982 2879 1182 2932 itinere
1222 2877 1525 2946 fatigatum
1565 2883 1613 2930 et
1652 2877 1852 2931 itinere
1890 2876 2139 2944 fessum).
2193 2877 2200 2943 Ι
2250 2874 2632 2929 fessumaden-

218 2975 348 3023 tem.
412 2970 420 3036 Ι
478 2966 839 3040 ardensstibus,
879 2968 1170 3022 arentibus
1207 2966 1576 3032 Florebellus,
1614 2967 1666 3019 Ι.
1703 2965 1773 3021 F.
1820 2965 2147 3019 Gronovius
2202 2965 2208 3032 Ι
2271 2964 2353 3018 13.
2396 2963 2630 3031 adque!

218 3064 541 3125 torrentem,
581 3075 720 3112 corr.
758 3060 809 3111 Ι.
847 3058 1193 3111 Perizonius
1249 3057 1256 3122 Ι
1312 3056 1393 3108 14.
1432 3056 1643 3124 quiem,
1684 3071 1821 3108 corr.
1863 3056 1912 3107 Ι.
1950 3055 2020 3106 F.
2066 3053 2394 3107 Gronovius.
2448 3053 2456 3119 Ι
2507 3068 2633 3105 con-

218 3147 469 3214 sumfftas.
504 3148 512 3214 Ι
548 3149 628 3200 15.
671 3149 891 3202 ᾶθιιῐηίι.
926 3149 932 3214 Ι
971 3148 1051 3199 16.
1092 3147 1293 3214 adque.
1330 3147 1336 3213 Ι
1371 3161 1481 3197 non
1523 3145 1653 3197 add.
1684 3144 1766 3197 ed.
1798 3144 1934 3196 Bas.
1972 3145 2109 3195 1531
2136 3142 2393 3209 (Harant
2423 3159 2481 3208 p.
2513 3144 2635 3192 277

218 3255 365 3305 susp.
406 3237 644 3304 adferat,
682 3239 795 3306 qui,
837 3254 936 3304 pro
977 3237 1141 3291 deum
1180 3236 1361 3300 fidem,
1392 3235 1474 3286 ita
1502 3239 1859 3301 conparatUS,
1901 3232 1989 3286 vel
2018 3232 2166 3285 iners
2197 3234 2365 3299 atque
2394 3229 2632 3293 inbellis,

219 3328 585 3381 fortissimum
631 3327 811 3380 virum
860 3325 1095 3379 vicerit?
1138 3355 1200 3364 —
1252 3323 1464 3375 Vahlen
1504 3323 1681 3375 Acad.
1731 3321 1917 3374 Berol.
1966 3323 2150 3373 1889:
2202 3319 2461 3373 adferat?
2506 3318 2632 3386 quis

223 3417 312 3485 (=
350 3416 573 3484 quibus)
615 3417 696 3470 ita
734 3415 1054 3482 conparatis
1094 3414 1181 3467 vel
1220 3413 1366 3467 iners
1406 3417 1576 3481 atque
1615 3411 1837 3464 inbellis
1875 3410 2238 3464 fortissimum
2278 3409 2454 3462 virum
2485 3408 2630 3461 vice-

222 3505 313 3572 rit,
351 3504 446 3557 sed
481 3506 551 3573 cf.
580 3506 657 3558 H.
686 3507 739 3558 Ι.
770 3504 1077 3558 Μᾱῑῑεταηι
1117 3520 1251 3555 arm.
1281 3503 1466 3554 Berol.
1496 3504 1658 3555 1890
1684 3519 1746 3568 p.
1776 3501 1926 3569 201).
1962 3501 1969 3566 Ι
2006 3500 2088 3551 17.
2118 3499 2296 3552 hoste.
2331 3501 2338 3565 Ι
2372 3497 2633 3564 repaura-

223 3598 424 3647 nerant
463 3596 552 3661 (es.
598 3595 894 3648 Gitlbauer
929 3611 982 3661 p.
1029 3595 1138 3662 71),
1179 3609 1315 3646 corr.
1346 3591 1683 3658 Nipperdey.
1719 3593 1725 3658 Ι
1765 3591 1843 3642 19.
1883 3587 2339 3660 trepidantfldum.
2375 3590 2382 3654 Ι
2417 3587 2502 3638 21.
2541 3586 2634 3638 ad-

223 3680 481 3754 herncule.
535 3686 541 3752 Ι
595 3673 2466 3752 aciemquideminconditamilinordinatamquchabuissemuscassstra,
2515 3675 2633 3727 acie

224 3772 451 3842 quidem
500 3773 783 3826 incondita
834 3771 1262 3838 inordinateque
1309 3769 1700 3823 habuissemus
1748 3773 1934 3821 castra
1982 3766 2188 3817 Hartel
2223 3782 2283 3832 p.
2328 3767 2417 3830 57,
2458 3763 2634 3816 aciem
