3005 4257
759 209 987 262 LIBER
1029 209 1229 262 XLIV.
1270 208 1436 262 CAP.
1479 209 1562 262 10.
1606 210 1679 276 [a.
1719 210 1784 264 U.
1824 225 1869 263 c.
1913 210 2037 277 585]
2389 206 2392 207 ⁷
2533 197 2613 258 15

412 390 491 453 X.
557 388 830 452 Perseus
901 388 1163 451 tandem
1230 413 1272 453 a
1335 408 1578 470 pavore
1645 408 1741 467 eo,
1815 409 1940 469 quo
2007 388 2318 453 attonitus
2385 388 2613 468 fuerat,
2679 414 2701 455 1

204 484 459 560 recepto
509 477 724 542 animo
773 478 969 540 malle
1015 476 1306 559 imperiis
1355 477 1487 541 suis
1536 497 1663 541 non
1702 478 2212 559 obtemperatum
2254 498 2418 558 esse,
2469 500 2612 543 cum

198 567 532 650 trepidans
588 587 820 650 gazam
877 566 944 629 in
999 587 1177 629 mare
1244 566 1413 631 deici
1469 566 1710 646 Pellae,
1774 566 2284 631 Thessalonicae
2352 569 2613 632 navalia

196 657 472 721 iusserat
518 655 793 721 incendi.
836 653 1238 720 Andronicus
1276 655 1810 721 Thessalonicam
1850 656 2083 720 missus
2121 662 2409 720 traxerat
2455 666 2611 720 tem-
2679 680 2704 720 2

135 762 160 802 5
199 766 338 829 pus,
384 747 453 810 id
501 746 732 827 ipsum,
780 744 952 825 quod
1003 745 1259 825 accidit,
1294 744 1638 826 providens
1674 749 1732 807 et
1768 745 2207 827 paenitentiae
2247 745 2617 826 relinquens

202 839 426 899 locum.
476 834 792 898 incautior
829 834 1056 898 Nicias
1097 834 1316 899 Pellae
1363 830 1734 916 proiciendo
1773 835 2088 915 pecuniae
2129 847 2401 916 partem,
2451 855 2617 915 quae
2681 857 2705 898 3

200 925 412 988 fuerat
462 922 548 986 ad
583 923 871 987 Phacum
886 946 898 1004 3
949 922 1065 987 sed
1102 923 1164 986 in
1205 943 1273 987 re
1322 922 1717 986 emendabili
1761 924 1935 988 visus
1975 925 2198 1007 lapsus
2238 943 2398 1005 esse,
2446 924 2617 1004 quod

199 1033 314 1096 per
373 1013 730 1077 urinatores
790 1012 998 1076 omnis
1055 1011 1256 1077 ferme
1315 1018 1606 1077 extracta
1654 1018 1767 1077 est.
1819 1021 2161 1093 tantusque
2216 1013 2426 1094 pudor
2480 1013 2619 1093 regi
2682 1033 2709 1074 4

201 1101 464 1185 pavoris
532 1102 668 1166 eius
727 1100 867 1181 fuit,
930 1112 998 1165 ut
1065 1102 1422 1166 urinatores
1480 1102 1647 1165 clam
1704 1102 1974 1167 interfici
2041 1102 2312 1183 iusserit,
2385 1102 2620 1167 deinde

110 1205 164 1244 10
203 1189 640 1255 Andronicum
701 1210 952 1272 quoque
1012 1200 1076 1254 et
1130 1191 1384 1269 Nician,
1449 1212 1531 1254 ne
1598 1190 1741 1272 quis
1801 1200 1930 1255 tam
1989 1191 2304 1257 dementis
2361 1191 2618 1275 imperii

204 1280 502 1366 conscius
542 1281 865 1345 existeret.
906 1281 1071 1344 inter
1106 1279 1269 1345 haec
1309 1281 1378 1345 C.
1419 1280 1701 1344 Marcius
1744 1300 1886 1344 eum
1931 1283 2138 1347 classe
2178 1282 2261 1345 ab
2302 1282 2618 1345 Heracleo
2684 1302 2710 1343 5

203 1369 730 1434 Thessalonicam
787 1371 1114 1452 profectus
1163 1377 1226 1434 et
1273 1390 1499 1452 agrum
1559 1370 1851 1453 pluribus
1899 1370 2080 1451 locis,
2140 1370 2451 1453 expositis
2508 1390 2622 1452 per

203 1459 393 1522 litora
449 1458 735 1538 armatis,
793 1461 920 1524 late
978 1459 1278 1539 vastavit,
1338 1467 1401 1522 et
1456 1467 1903 1540 procurrentes
1961 1460 2044 1526 ab
2103 1461 2259 1523 urbe
2319 1459 2620 1525 secundis

203 1549 448 1628 aliquot
494 1549 759 1631 proeliis
809 1549 1095 1631 trepidos
1143 1549 1314 1612 intra
1354 1547 1607 1611 moenia
1648 1549 1953 1630 conpulit.
2001 1549 2257 1630 iamque
2304 1549 2430 1632 ipsi
2478 1549 2619 1613 urbi
2684 1567 2709 1610 6

112 1648 163 1690 15
206 1638 510 1702 terribilis
561 1648 714 1715 erat,
765 1657 926 1717 cum,
976 1637 1312 1720 dispositis
1360 1636 1568 1701 omnis
1600 1639 1856 1719 generis
1905 1637 2254 1716 tormentis,
2304 1658 2428 1701 non
2469 1638 2621 1719 vagi

206 1726 395 1791 modo
453 1726 625 1789 circa
685 1747 916 1807 muros,
967 1734 1206 1789 temere
1263 1726 1875 1808 adpropinquantes,
1946 1726 2060 1790 sed
2116 1727 2312 1790 etiam
2381 1726 2488 1807 qui
2554 1727 2619 1789 in

206 1816 480 1880 navibus
529 1824 725 1895 erant,
774 1817 951 1879 saxis
1001 1823 1316 1878 tormento
1365 1816 1795 1879 emicantibus
1843 1815 2387 1897 percutiebantur.
2445 1835 2620 1879 revo-
2685 1835 2709 1877 7

207 1905 372 1967 catis
420 1904 616 1987 igitur
662 1905 729 1967 in
778 1924 981 1968 naves
1030 1903 1346 1967 militibus
1404 1903 1769 1984 omissaque
1816 1904 2320 1969 Thessalonicae
2378 1924 2619 1987 oppug-

208 1993 468 2057 natione
517 1993 787 2056 Aeniam
838 1993 988 2056 inde
1035 2001 1276 2075 petunt.
1328 1992 1692 2073 quindecim
1751 1994 1933 2058 milia
1988 2013 2294 2076 passuum
2344 2013 2419 2056 ea
2468 1994 2619 2058 urbs

426 2243 472 2293 1.
514 2258 548 2294 a
588 2240 718 2292 add.
758 2239 1017 2308 Siyonias
1053 2257 1120 2293 eoe
1156 2258 1262 2293 usu
1297 2241 1437 2309 Liv„
1479 2242 1547 2307 cf.
1587 2241 1816 2310 Fityner
1852 2242 1987 2295 Lex.
2026 2242 2149 2295 Liv.
2169 2259 2229 2308 Ρ.
2276 2246 2352 2294 44
2382 2246 2431 2294 et
2459 2240 2535 2293 H.
2567 2241 2620 2293 Ι.

215 2330 422 2382 Maller
460 2330 536 2382 ad
571 2331 623 2382 h.
666 2330 699 2384 l.
740 2331 792 2395 (e
834 2330 963 2382 add.
1002 2329 1421 2394 Drakenborch,
1461 2330 1731 2400 Madviy).
1775 2337 1781 2398 Ι
1821 2332 1992 2399 quod.
2034 2332 2040 2399 Ι
2085 2331 2134 2384 2.
2175 2330 2417 2397 moallet,
2457 2329 2620 2383 malle

209 2419 482 2487 SiyomiuS,
523 2418 714 2473 mallet
751 2419 831 2471 ed.
872 2420 1009 2471 Bas.
1048 2423 1200 2487 1531,
1238 2419 1489 2488 Madv-2⁶9.
1534 2421 1541 2488 Ι
1593 2422 1695 2472 οῑιῖ
1748 2421 1755 2488 Ι
1806 2421 1856 2473 3.
1894 2421 2103 2490 gaiam.
2148 2421 2156 2488 Ι
2196 2417 2614 2487 tessalonicam!

207 2513 256 2560 4.
294 2507 727 2580 tessalossnicum.
762 2509 769 2576 Ι
803 2510 854 2561 5.
891 2509 1072 2576 ipsud.
1109 2508 1116 2577 Ι
1149 2508 1451 2576 providens
1490 2513 1547 2562 et
1585 2510 1715 2562 add.
1754 2509 1954 2563 Novak
1992 2510 2144 2563 &eslce'
2171 2526 2306 2562 mus,
2346 2509 2424 2575 fil.
2466 2508 2629 2559 VIII

199 2615 258 2663 Ρ.
303 2601 436 2650 449.
473 2602 479 2664 Ι
513 2601 562 2651 5.
602 2597 964 2666 penitentiae,
1005 2597 1330 2664 paenitendi
1357 2600 1495 2651 coni.
1536 2598 1910 2666 Wopkensias,
1952 2601 2021 2667 cf.
2055 2598 2133 2651 H.
2161 2599 2211 2651 I.
2244 2598 2455 2652 Malleo-
2485 2613 2619 2649 ann.

208 2687 392 2738 Berol.
449 2690 602 2740 1904
649 2705 708 2754 Ρ.
764 2690 852 2740 13.
923 2687 930 2753 Ι
999 2688 1047 2739 6.
1089 2685 2619 2759 proiciendaepecuniaeparfltemquodfueratnatumsed,

211 2774 534 2840 proiciendo
571 2776 843 2843 pecuniae
882 2779 1115 2843 partem,
1155 2792 1300 2845 quae
1338 2776 1944 2844 fuerat<ad>Phacum3
1981 2777 2080 2831 sed
2118 2776 2351 2845 Madviy
2385 2776 2510 2827 Em..
2549 2773 2618 2830 L.

205 2882 260 2930 Ρ.
318 2867 451 2931 680,
497 2865 854 2932 proiciendae
901 2865 1173 2933 pecuniae
1222 2870 1436 2932 partem
1486 2867 1709 2934 quidem
1758 2867 1981 2920 fuderat
2028 2866 2081 2917 in
2131 2865 2327 2931 altum,
2384 2864 2485 2918 sed
2531 2863 2615 2916 M.

208 2952 420 3005 Malla·
461 2953 607 3007 Gott.
644 2955 783 3007 Anz.
821 2959 973 3007 1883
1000 2972 1059 3022 Ρ.
1108 2958 1238 3022 763,
1276 2954 1632 3023 proiciendae
1671 2955 1944 3023 pecuniae
1982 2958 2198 3020 partem
2227 2954 2380 3021 quod
2407 2954 2619 3006 iecerat

207 3044 263 3095 in
311 3043 502 3111 altum,
551 3044 650 3097 sed
688 3044 922 3096 Harant
958 3062 1020 3111 Ρ.
1071 3047 1193 3096 269
1238 3044 1585 3111 <proiciendo
1632 3043 1902 3110 pecuniae
1949 3047 2185 3110 partem,
2231 3042 2384 3111 quod
2431 3042 2616 3094 suerat

205 3136 429 3199 nactus3
486 3133 585 3185 sed
643 3134 721 3185 ed.
779 3133 912 3186 Bas.
970 3137 1151 3200 1531).
1203 3134 1211 3199 Ι
1263 3134 1311 3185 7.
1368 3131 1987 3203 inremssemendabilem,
2045 3132 2101 3183 iu
2160 3148 2217 3185 re
2278 3130 2614 3184 emendabili

204 3221 619 3288 Drakenborch,
676 3221 909 3290 Madviy
967 3222 1000 3277 l.
1059 3223 1112 3289 1.,
1168 3221 1224 3274 in
1291 3239 1530 3276 errorem
1587 3220 1988 3276 emendabilem
2046 3221 2097 3272 Ι.
2153 3220 2226 3272 F.
2286 3219 2612 3287 GronoviuS,

205 3311 438 3363 Harant
478 3312 509 3365 l.
553 3311 584 3363 l.
623 3312 630 3378 Ι
665 3310 818 3364 visus
852 3315 1020 3378 <est>
1054 3312 1190 3364 coni.
1231 3311 1478 3378 Madciffi
1517 3311 1613 3363 sed
1650 3310 1718 3377 cf.
1759 3310 2076 3377 Wesenbery
2104 3327 2163 3376 Ρ.
2208 3312 2341 3362 320.
2378 3310 2385 3377 Ι
2420 3311 2471 3361 8.
2501 3325 2612 3361 om-

205 3416 305 3453 ncs
340 3397 879 3471 fermestracsstusest,
918 3401 1095 3454 omnis
1134 3401 1305 3454 ferme
1345 3405 1598 3454 extracta
1635 3405 1720 3453 est
1757 3399 1991 3451 Harant
2030 3400 2061 3451 l.
2108 3400 2157 3466 l.,
2197 3398 2272 3450 H.
2313 3398 2365 3450 Ι.
2403 3398 2614 3451 Mic'ller

209 3490 268 3540 m
307 3488 457 3557 adn„
494 3490 656 3542 Boot.
695 3489 903 3542 Mnem.
942 3492 1112 3542 1889.
1168 3491 1176 3556 Ι
1231 3489 1312 3541 11.
1351 3494 1570 3542 extaret
1606 3488 1806 3541 Novak
1843 3487 2002 3555 [ἱείς]
2039 3488 2118 3554 fil.
2156 3489 2325 3540 1885.
2387 3489 2393 3554 Ι
2452 3486 2605 3556 hac!

205 3577 482 3644 heraclea,
522 3594 658 3631 corr.
696 3578 748 3630 I.
785 3578 857 3631 F.
901 3578 1227 3631 Gronovius.
1280 3580 1286 3646 Ι
1341 3579 1421 3631 12.
1462 3578 1888 3648 tessssalonicam.
1942 3579 1947 3640 Ι
2004 3578 2085 3629 14.
2125 3577 2371 3645 aliquod.
2414 3577 2422 3643 Ι
2463 3594 2611 3630 nam-

202 3682 330 3734 que.
391 3670 397 3732 Ι
450 3668 533 3719 17.
562 3668 717 3735 <ex>
751 3671 1024 3721 tormento
1072 3667 1404 3736 Wesenbery.
1457 3671 1465 3733 Ι
1516 3667 1988 3733 percutiebantur,
2026 3666 2097 3732 cf.
2143 3665 2343 3718 Walch
2377 3665 2501 3717 Em.
2541 3666 2609 3718 L.

191 3773 254 3823 Ρ.
303 3759 415 3808 184
471 3759 912 3824 (percuterentur
968 3758 1105 3809 coni.
1170 3756 1485 3820 Creverius).
1555 3758 1563 3824 Ι
1635 3756 1715 3810 18.
1772 3755 2177 3823 tesllsalonicae.
2247 3757 2254 3820 Ι
2326 3756 2407 3807 19.
2465 3756 2608 3809 ·XV·

197 3844 367 3898 milia.
405 3848 411 3912 Ι
445 3845 828 3916 earssbisabest.
863 3846 870 3913 Ι
