3005 4257
699 198 928 251 LIBER
966 197 1170 251 XLIV.
1213 195 1378 250 CAP.
1417 197 1505 250 31.
1545 199 1631 251 32.
1674 198 1744 265 [a.
1788 197 1852 250 U.
1892 214 1938 251 c.
1979 197 2104 266 586]
2525 184 2607 247 47

200 377 360 459 ipsis
426 376 722 444 faucibus
787 384 1010 459 portae
1077 376 1486 456 cecidissent,
1554 381 1801 439 tantum
1868 377 2216 442 intulerunt
2283 385 2613 457 terrorem,

201 472 272 528 ut
330 473 615 530 oratores
673 466 997 548 extemplo
1054 467 1144 528 ad
1195 472 1557 548 praetorem
1613 466 1895 530 mitteret
1951 465 2220 531 Gentius
2276 467 2612 531 Teuticum

203 562 266 618 et
314 556 583 635 Bellum,
640 554 966 638 principes
1014 554 1247 635 gentis,
1293 574 1408 638 per
1465 573 1627 636 quos
1674 555 1961 619 indutias
2017 562 2281 638 peteret,
2338 564 2407 618 ut
2455 556 2611 619 deli-

199 645 428 708 berare
477 645 558 708 de
607 651 779 708 statu
826 663 1036 707 rerum
1093 663 1355 710 suarum
1403 653 1637 726 posset.
1694 644 1906 708 triduo
1953 643 2020 707 in
2066 644 2188 707 hoc
2236 645 2407 724 dato,
2465 665 2609 712 cum
2649 669 2701 710 10

136 757 162 799 5
205 743 451 798 castra.
490 735 784 797 Romana
860 733 1245 815 quingentos
1321 732 1524 796 ferme
1599 752 1829 816 passus
1903 734 1985 797 ab
2063 735 2219 797 urbe
2293 735 2614 814 abessent,

200 843 432 887 navem
473 822 846 886 conscendit
885 829 948 885 et
986 821 1246 885 flumine
1286 822 1637 886 Barbanna
1687 821 1955 903 navigat
1992 822 2057 885 in
2104 823 2318 886 lacum
2365 823 2614 887 Labea-

200 922 352 991 tum,
418 912 595 976 velut
660 917 979 976 secretum
1044 911 1256 975 locum
1322 919 1549 993 petens
1615 911 1702 974 ad
1765 912 2280 991 consultandum,
2344 912 2478 992 sed,
2543 918 2613 975 ut
2653 935 2702 976 11

200 1001 518 1085 apparuit,
557 999 727 1065 falsa
776 1021 892 1084 spe
941 1000 1211 1081 excitus,
1259 999 1721 1064 Caravantium
1770 998 2031 1064 fratrem
2081 1000 2299 1064 multis
2349 1001 2612 1064 milibus

201 1097 592 1154 armatorum
642 1089 875 1153 coactis
924 1110 1007 1154 ex
1064 1109 1143 1152 ea
1190 1089 1471 1171 regione,
1531 1089 1596 1152 in
1646 1109 1840 1171 quam
1887 1089 2126 1155 missus
2174 1096 2328 1168 erat,
2375 1090 2615 1153 adven-

104 1200 161 1242 10
200 1186 355 1242 tare.
403 1179 514 1259 qui
552 1190 890 1262 postquam
931 1178 1196 1243 evanuit
1232 1198 1467 1259 rumor,
1515 1178 1702 1243 tertio
1738 1187 1884 1261 post
1923 1179 2030 1242 die
2069 1199 2299 1242 navem
2341 1180 2611 1243 eandem
2650 1202 2703 1244 12

203 1269 487 1332 secundo
537 1268 710 1330 amni
770 1268 1080 1334 Scodram
1141 1267 1426 1350 demisit3
1485 1267 1987 1351 praemissisque
2044 1267 2305 1346 nuntiis,
2363 1275 2431 1332 ut
2488 1268 2615 1333 sibi

202 1357 576 1439 appellandi
623 1357 938 1439 praetoris
985 1363 1281 1440 potestas
1326 1355 1525 1436 fieret,
1581 1356 1772 1439 copia
1818 1356 1995 1421 facta
2040 1358 2108 1421 in
2157 1364 2373 1421 castra
2418 1357 2610 1420 venit.

203 1457 266 1509 et
329 1445 714 1530 principium
781 1446 1088 1511 orationis
1170 1447 1252 1509 ab
1322 1445 1738 1510 accusatione
1806 1447 2119 1512 stultitiae
2186 1467 2369 1511 orsus
2435 1465 2612 1525 suae,
2651 1467 2702 1510 13

199 1543 525 1617 postremo
574 1536 657 1599 ad
705 1555 932 1617 preces
979 1535 1409 1616 lacrimasque
1457 1535 1715 1614 effusuS,
1763 1535 2038 1617 genibus
2085 1537 2400 1619 praetoris
2449 1537 2614 1600 acci-

105 1646 160 1688 15
201 1625 360 1688 dens
414 1625 484 1689 in
540 1631 928 1706 potestatem
985 1644 1128 1690 sese
1187 1624 1383 1688 dedit.
1441 1624 1651 1706 primo
1717 1625 1955 1689 bonum
2020 1626 2307 1689 animum
2372 1623 2614 1689 habere
2652 1646 2704 1688 14

200 1715 432 1794 iussus,
493 1713 578 1776 ad
635 1734 862 1777 cenam
921 1713 1116 1777 etiam
1173 1713 1485 1777 invitatus
1540 1714 1610 1776 in
1667 1714 1891 1778 urbem
1951 1713 2039 1777 ad
2085 1733 2233 1778 suos
2289 1714 2501 1778 rediit.
2554 1722 2616 1777 et

205 1824 348 1867 cum
387 1809 680 1885 praetore
719 1822 793 1866 eo
833 1802 940 1866 die
976 1802 1324 1866 honorifice
1363 1809 1461 1866 est
1500 1803 1819 1885 epulatuS,
1869 1803 2106 1868 deinde
2144 1804 2212 1867 in
2252 1802 2615 1867 custodiam

205 1892 271 1956 G.
347 1891 573 1956 Cassio
649 1891 903 1956 tribuno
971 1891 1249 1955 militum
1321 1892 1619 1971 traditus,
1695 1892 1807 1956 vix
1870 1892 2258 1974 gladiatorio
2327 1899 2614 1975 accepto,
2652 1912 2704 1955 15

206 1981 429 2044 decem
477 1981 758 2061 talentis,
804 1981 886 2044 ab
934 2001 1085 2062 rege
1135 2002 1269 2061 rex,
1316 1988 1387 2045 ut
1432 1981 1501 2044 in
1549 2000 1691 2045 eam
1739 1981 2061 2046 fortunam
2109 1981 2444 2046 recideret.

105 2090 164 2132 20
417 2069 698 2134 XXXII.
757 2069 1022 2134 Anicius
1079 2070 1323 2136 Scodra
1381 2078 1641 2155 recepta
1711 2069 1873 2136 nihil
1930 2071 2105 2155 prius
2162 2091 2355 2152 quam
2409 2070 2614 2152 requi·
2679 2090 2699 2131 1

203 2160 361 2223 sitos
408 2159 711 2223 Petilium
758 2159 1294 2241 Perpennamque
1350 2161 1604 2242 legatos
1660 2161 1744 2224 ad
1803 2180 1872 2224 se
1929 2161 2075 2225 duci
2122 2161 2325 2226 iussit.
2384 2161 2614 2242 quibus
2677 2179 2703 2221 2

205 2249 549 2330 splendore
586 2269 702 2312 suo
741 2251 1031 2313 restituto
1060 2250 1464 2331 Perpennam
1506 2252 1828 2331 extemplo
1871 2251 2065 2314 mittit
2103 2251 2188 2314 ad
2226 2249 2613 2332 conprehen-

206 2338 455 2401 dendos
521 2338 768 2401 amicos
833 2344 1271 2421 cognatosque
1336 2338 1534 2422 regis;
1611 2339 1719 2420 qui
1784 2339 2160 2417 Meteonem,
2227 2339 2609 2404 Labeatium
2676 2357 2701 2399 3

202 2426 413 2509 gentis
483 2427 721 2506 urbem,
795 2426 1122 2510 profectus
1185 2429 1481 2491 Etlevam
1558 2447 1824 2491 uxorem
1899 2449 2043 2493 cum
2117 2428 2266 2492 filiis
2343 2429 2611 2506 duobuS,

106 2534 163 2578 25
203 2516 621 2582 Scerdilaedo
688 2517 1137 2597 Pleuratoque,
1214 2524 1276 2581 et
1332 2516 1796 2582 Caravantium
1858 2518 2120 2583 fratrem
2179 2518 2484 2583 Scodram
2547 2519 2612 2580 in

204 2612 421 2669 castra
477 2605 767 2669 adduxit.
835 2606 1100 2670 Anicius
1156 2607 1327 2671 bello
1386 2606 1645 2689 Illyrico
1702 2608 1872 2670 intra
1934 2608 2204 2690 triginta
2270 2607 2408 2673 dies
2474 2627 2613 2688 per·
2678 2626 2702 2665 4

205 2694 375 2758 fecto
423 2695 713 2758 nuntium
770 2694 1078 2759 victoriae
1126 2696 1533 2777 Perpennam
1592 2697 1859 2760 Romam
1917 2697 2090 2761 misit
2147 2703 2211 2760 et
2267 2703 2414 2780 post
2474 2696 2611 2760 dies

416 2941 465 2993 2.
503 2940 1110 3010 praelltorescmitterct.
1146 2946 1153 3010 Ι
1187 2944 1236 2996 3.
1277 2944 1599 3013 etpbellum.
1642 2945 1649 3011 Ι
1692 2945 1742 2997 6.
1781 2944 2306 3013 barbanonauigant
2336 2943 2609 3013 (barbano

197 3029 435 3098 navigat
472 3029 554 3082 ed.
592 3032 730 3084 Bas.
772 3035 950 3099 1531),
990 3048 1126 3086 corr.
1168 3033 1433 3101 Kreyssiy
1471 3034 1561 3100 (of.
1609 3032 1940 3086 Tomaschek
1978 3049 2067 3100 ap.
2106 3032 2613 3100 Pauly-Wissowa

195 3119 276 3171 II
296 3136 359 3187 p.
400 3120 600 3190 2855).
636 3120 644 3187 Ι
678 3121 970 3175 Labeatim
1007 3121 1092 3174 vel
1127 3122 1497 3176 Labeatidem
1531 3122 1869 3191 Wesenbery.
1903 3122 1911 3190 Ι
1947 3123 1995 3174 7.
2025 3125 2282 3175 scretum.
2317 3123 2325 3190 Ι
2359 3123 2408 3174 8.
2439 3120 2611 3175 farsa-

196 3206 877 3280 spessexituscarbantium.
935 3211 943 3278 Ι
1001 3211 1050 3262 9.
1090 3211 1250 3278 actiS,
1291 3211 1505 3264 coactis
1543 3211 1594 3263 I.
1633 3211 1704 3265 F.
1749 3210 2077 3264 Gronovius
2144 3213 2150 3278 Ι
2222 3210 2305 3263 10.
2345 3211 2565 3271 tumori.
2600 3210 2606 3274 Ι

193 3299 619 3367 nauemadeam,
661 3315 799 3352 corr.
839 3299 1114 3367 Siqonius.
1148 3302 1155 3368 Ι
1193 3300 1275 3352 13.
1305 3300 1744 3367 praepositionis
1783 3301 1853 3352 ab
1889 3300 2165 3367 posterior
2203 3300 2388 3352 littera
2424 3299 2609 3366 periit,

197 3388 396 3439 charta
431 3404 647 3440 summa
685 3388 899 3455 oblique
929 3387 1158 3441 desecta.
1193 3391 1200 3453 Ι
1234 3391 1407 3441 ortus.
1442 3390 1450 3457 Ι
1487 3388 1570 3441 14.
1600 3404 1847 3455 praeces.
1882 3391 1888 3444 Ι
1925 3388 2008 3441 16.
2037 3388 2199 3441 redit.
2236 3389 2242 3455 Ι
2281 3388 2362 3440 17.
2393 3388 2610 3440 honori-

194 3476 743 3544 ficaeestaepulatuS.
777 3480 784 3543 Ι
821 3478 904 3530 18.
943 3477 1090 3545 ῒίψί.
1129 3478 1390 3545 traditus,
1430 3494 1567 3531 corr.
1608 3478 1689 3530 ed.
1728 3477 1866 3531 Bas.
1904 3480 2060 3531 1531.
2095 3476 2102 3543 Ι
2135 3478 2231 3530 vix
2266 3476 2608 3545 gladiatorio

197 3568 619 3620 auctoramento
650 3567 722 3621 ab
750 3582 884 3634 rege
912 3582 1012 3620 rex
1044 3567 1183 3620 coni.
1212 3566 1454 3634 Lipsius,
1489 3569 1496 3635 Ι
1534 3568 1618 3620 19.
1653 3566 1973 3621 reccideret.
2007 3567 2015 3634 Ι
2048 3566 2133 3617 21.
2160 3565 2609 3632 Perpernamque

196 3652 339 3706 coni.
378 3651 657 3721 Siyonius.
700 3657 708 3724 Ι
751 3655 838 3709 23.
877 3655 1203 3710 Medeonem
1245 3656 1324 3709 ed.
1364 3657 1502 3710 Bas.
1543 3658 1702 3710 1531.
1744 3657 1752 3724 Ι
1793 3656 2153 3709 labenatium.
2196 3656 2203 3723 Ι
2255 3656 2341 3707 25.
2379 3652 2607 3707 cerdilio

200 3739 498 3810 (Scerdilio
537 3744 619 3797 ed.
657 3745 794 3797 Bas.
833 3747 1013 3812 1531),
1054 3760 1192 3798 corr.
1232 3744 1284 3797 Ι.
1323 3745 1394 3798 F.
1439 3745 1768 3799 Gronovius.
1829 3745 1837 3812 Ι
1896 3744 2282 3797 curauantium
2329 3744 2419 3811 (cf.
2466 3742 2606 3795 Gitl-

197 3830 374 3883 bauer
398 3847 460 3898 p.
506 3833 620 3899 77).
654 3832 661 3899 Ι
695 3834 781 3887 26.
820 3834 1012 3904 Illyrio
1052 3833 1103 3886 Ι.
1141 3833 1212 3886 F.
1259 3833 1587 3888 Gronovius.
1622 3836 1629 3902 Ι
1662 3835 1747 3887 27.
1785 3849 1991 3888 romae.
2025 3833 2032 3901 Ι
