3005 4257
2500 179 2602 243 ΠΙ

836 600 943 700 L.
1020 598 1118 698 S.

422 839 590 916 Quia
618 838 685 902 in
718 839 839 903 hae
868 844 1050 923 parte
1081 858 1209 904 non
1255 838 1462 904 solum
1488 838 1611 903 loci
1635 837 1848 902 adhuc
1871 836 2056 901 dubii
2079 836 2289 902 denuo
2312 846 2611 902 accurate

217 942 583 1021 examinati,
633 941 748 1007 sed
795 961 1018 1008 omnes
1072 942 1309 1007 codicis
1339 941 1527 1007 Vind.
1567 942 1927 1006 litterarum
1971 940 2191 1027 apices
2237 963 2276 1006 a
2307 941 2609 1028 Iosepho‚

217 1045 345 1110 filio
393 1067 556 1128 meo,
605 1044 689 1110 ad
734 1047 1041 1113 amussim
1090 1047 1391 1131 exscripti
1440 1052 1611 1127 sunt,
1670 1045 2068 1125 asteriscum,
2132 1065 2320 1128 quem
2367 1044 2605 1128 dicunt,

217 1149 283 1213 in
330 1149 452 1214 hac
482 1149 895 1215 adnotatione
941 1150 1162 1215 critica
1205 1151 1285 1215 iis
1330 1157 1579 1214 tantum
1622 1149 1889 1214 vocibus
1933 1148 2218 1230 adi'unxi,
2266 1150 2333 1214 in
2378 1151 2608 1234 quibus

217 1253 614 1336 corrigendis
662 1254 745 1317 H.
784 1253 836 1319 L
886 1255 1135 1318 Maller
1200 1254 1635 1319 Berolinensis
1679 1275 1740 1318 V.
1789 1253 1851 1318 d.
1921 1272 2070 1318 suas
2137 1254 2613 1320 emendationes

221 1378 469 1422 mecum
499 1358 781 1440 benigne
826 1358 1316 1424 communicavit
1361 1365 1475 1423 aut
1520 1357 1600 1423 de
1647 1357 1879 1441 quibus
1925 1358 2063 1442 ipse
2108 1358 2176 1422 in
2220 1358 2382 1424 actis
2428 1358 2495 1423 O.
2532 1358 2609 1424 R.

218 1461 417 1526 Acad.
496 1461 766 1527 Vindob.
817 1460 1095 1546 (CXLV,
1128 1461 1197 1548 7)
1242 1461 1533 1548 pluribus
1579 1462 1793 1528 verbis
1838 1460 1961 1526 hoc
2004 1482 2172 1527 anno
2219 1462 2511 1528 disserui.
2562 1463 2609 1543 ¹)

218 1565 540 1630 Nonnulla
628 1571 966 1650 praeterea
1046 1566 1113 1629 in
1194 1566 1685 1645 commentariis,
1762 1567 1870 1649 qui
1954 1565 2244 1631 ‘Wiener
2323 1556 2606 1632 Studien'

215 1670 661 1750 inscribuntur,
731 1669 929 1734 etiam
1003 1670 1084 1735 de
1162 1670 1281 1734 hoc
1328 1668 1489 1735 libro
1565 1670 1789 1735 addita
1861 1670 2234 1753 invenieS.²)
2312 1676 2610 1736 Ceterum

214 1775 329 1838 vix
396 1779 495 1838 est
561 1772 732 1856 quod
798 1794 1108 1854 moneam,
1181 1775 1395 1840 omnia
1437 1775 1583 1855 alia,
1656 1795 1821 1858 quae
1891 1773 1972 1839 de
2040 1774 2225 1857 siglis
2293 1774 2356 1843 in
2423 1773 2614 1838 huius

218 1875 482 1942 decadis
527 1883 840 1962 apparatu
896 1877 1200 1943 adhibitis
1245 1874 1312 1941 in
1356 1878 1677 1962 prioribus
1723 1878 2048 1943 fasciculis
2096 1878 2381 1962 exposui,
2419 1879 2611 1944 etiam

221 2000 393 2045 nunc
436 1980 669 2045 valere.

431 2172 684 2237 Dabam
729 2173 1082 2258 Oeniponte
1129 2173 1273 2238 Kal.
1328 2174 1462 2238 lun.
1514 2173 1944 2240 MDCCOCII.

2330 2346 2407 2411 A.
2456 2348 2523 2418 Z.

404 3384 445 3453 ι)
482 3404 536 3455 p.
575 3389 642 3439 23
680 3385 1028 3440 adnotationi
1076 3385 1201 3440 erit.
1241 3388 1311 3440 ad
1349 3404 1468 3460 cap.
1513 3386 1713 3454 XVIII,
1750 3389 1781 3439 9
1813 3386 2096 3452 adiungas,
2133 3387 2374 3454 Mada-(qi
2408 3385 2621 3439 coniec-

223 3477 409 3528 turam
445 3473 612 3526 vident
661 3470 750 3539 (cf.
790 3472 874 3527 ed.
914 3473 1095 3526 Madv.
1133 3491 1185 3541 p.
1241 3472 1362 3538 139)
1408 3490 1440 3525 a
1474 3491 1563 3526 me
1611 3477 1888 3539 receptam
1928 3477 2098 3538 atque
2134 3473 2192 3525 in
2229 3473 2325 3525 illa
2362 3471 2623 3524 disserta-

225 3560 378 3614 tione
426 3576 550 3613 mea
585 3559 944 3614 inlustratam
980 3560 1302 3629 nuperrime
1339 3560 1507 3614 etiam
1545 3577 1577 3612 a
1611 3560 1675 3614 R.
1715 3561 1953 3612 Novakio
1989 3578 2041 3612 v.
2080 3557 2133 3611 d.
2171 3558 2512 3626 propositam
2556 3573 2619 3610 ac
2694 3621 2698 3625 ι

227 3646 670 3701 commendatam
707 3662 828 3700 esse
865 3630 1060 3713 (Ceske
1095 3664 1234 3700 mus.
1272 3646 1349 3699 fil.
1388 3648 1534 3713 VIII,
1572 3665 1624 3713 p.
1664 3643 1766 3710 26).

413 3729 458 3797 ²)
498 3749 550 3799 p.
607 3734 674 3785 26
729 3733 1075 3787 adnotationi
1127 3734 1197 3786 ad
1252 3750 1370 3802 cap.
1426 3733 1542 3802 XX,
1583 3736 1613 3785 3
1667 3733 1862 3786 addas:
1896 3732 2133 3799 fortasse
2179 3737 2300 3785 tum
2335 3725 2622 3798 [maxime]

231 3816 547 3889 captivos.*
