3005 4257
793 211 1015 283 LIBER
1050 213 1221 265 XLII.
1263 212 1412 267 CAP.
1457 215 1538 266 14.
1580 209 1649 276 [a.
1688 213 1751 268 U.
1793 228 1839 266 ο.
1877 209 2004 279 582]
2513 216 2591 279 17

413 383 630 449 Persei
677 383 909 449 deinde
956 384 1127 466 regis
1174 383 1400 467 legatis
1445 391 1596 469 post
1639 404 1880 469 paucos
1927 384 2064 449 dies
2119 391 2377 450 senatus
2410 386 2595 452 datus
2625 415 2648 452 2

199 476 320 536 est.
372 477 651 536 ceterum
696 471 1177 555 praeoccupatis
1223 492 1351 537 non
1397 472 1654 536 auribus
1722 471 1929 554 magis
1977 492 2168 554 quam
2226 472 2453 537 animis
2515 475 2596 539 ab

198 559 489 623 Eumene
518 577 696 640 rege,
744 557 951 621 omnis
998 565 1062 622 et
1093 556 1381 623 defensio
1430 565 1492 623 et
1546 557 1915 642 deprecatio
1945 559 2299 641 legatorum
2344 580 2595 659 respue-

197 646 418 725 batur3
467 652 531 709 et
577 645 984 731 exasperavit
1028 645 1272 709 animos
1305 645 1546 709 ferocia
1575 645 1771 709 nimia
1800 645 2086 729 Harpali,
2144 645 2252 727 qui
2295 646 2593 732 princeps
2624 668 2647 706 3

149 751 172 790 5
199 732 546 814 legationis
594 740 749 796 erat.
840 732 895 796 is
963 732 1129 796 velle
1199 730 1455 813 quidem
1524 739 1588 797 et
1655 732 1946 796 laborare
2015 731 2177 796 dixit
2242 752 2480 814 regem,
2528 742 2597 798 ut

196 819 522 905 purganti,
587 837 656 883 se
715 818 872 881 nihil
932 818 1165 883 hostile
1235 818 1475 883 dixisse
1545 826 1657 884 aut
1703 818 1954 897 fecisse,
2020 817 2180 883 fides
2246 818 2593 883 habeatur.

197 912 484 971 ceterum
529 904 581 969 si
630 904 1024 989 pervicacius
1071 925 1331 970 causam
1390 904 1544 969 belli
1605 905 1825 987 quaeri
1884 905 2118 984 videat,
2191 905 2337 970 forti
2382 906 2594 971 animo
2623 928 2648 964 4

195 991 609 1058 defensurum
640 1012 729 1056 se.
764 992 1032 1056 Martem
1063 1010 1461 1056 communem
1493 1012 1636 1057 esse
1670 998 1735 1056 et
1767 997 2064 1057 eventum
2086 992 2398 1057 incertum
2420 992 2590 1057 belli.

414 1103 729 1169 Omnibus
776 1104 1147 1170 civitatibus
1179 1103 1490 1169 Graeciae
1537 1112 1731 1187 atque
1764 1104 1960 1169 Asiae
2007 1124 2202 1170 curae
2250 1112 2405 1185 erat,
2442 1105 2595 1188 quid
2622 1127 2646 1165 5

121 1210 169 1248 10
196 1190 426 1256 Persei
469 1190 692 1272 legati,
762 1190 917 1272 quid
962 1191 1284 1256 Eumenes
1329 1191 1396 1254 in
1459 1199 1688 1256 senatu
1734 1192 2009 1274 egisset3
2072 1197 2135 1256 et
2181 1199 2444 1276 propter
2488 1192 2595 1257 ad-

198 1284 467 1343 ventum
501 1277 656 1357 eius,
706 1297 895 1360 quem
926 1285 1242 1342 moturum
1273 1276 1520 1359 aliquid
1548 1279 1867 1358 rebantur,
1914 1279 2220 1343 miserant
2248 1280 2595 1364 pleraeque

200 1365 516 1442 civitates,
565 1329 698 1428 alia
741 1364 806 1429 in
853 1365 1133 1449 speciem
1179 1365 1636 1466 praeferentes,
1684 1365 1953 1447 legatos.
2031 1372 2094 1430 et
2138 1366 2381 1448 legatio
2429 1366 2593 1431 Rho·
2622 1388 2646 1426 e

199 1451 451 1516 diorum
499 1452 732 1516 aderat
774 1452 1046 1533 Romae,
1094 1453 1281 1516 cuius
1308 1451 1514 1536 ferox
1560 1459 1697 1516 erat
1743 1472 1862 1516 nec
1894 1452 2060 1517 falsa
2106 1451 2387 1517 dicturus
2432 1453 2594 1536 prin-

200 1558 374 1640 ceps,
421 1536 599 1602 haud
645 1537 892 1620 dubius,
966 1538 1120 1620 quin
1165 1539 1486 1604 Eumenes
1547 1538 1825 1604 civitatis
1884 1558 2136 1621 quoque
2198 1557 2356 1603 suae
2402 1540 2595 1603 insec-

121 1641 172 1681 15
200 1626 508 1689 tationem
569 1624 791 1690 Persei
853 1625 1222 1691 criminibus
1280 1626 1616 1691 iunxisset.
1710 1625 1924 1706 itaque
1994 1625 2165 1690 omni
2231 1626 2420 1690 modo
2480 1647 2595 1710 per
2624 1648 2645 1686 τ

200 1720 505 1796 patronos
570 1712 984 1795 hospitesque
1052 1711 1455 1796 disceptandi
1525 1732 1671 1776 cum
1737 1732 1892 1795 rege
1958 1712 2174 1777 locum
2240 1712 2306 1777 in
2366 1720 2594 1777 senatu

203 1799 575 1881 quaerebat.
647 1799 816 1880 quod
863 1819 1009 1864 cum
1053 1822 1182 1863 non
1227 1799 1622 1882 contigisset,
1673 1799 1965 1865 libertate
2011 1799 2461 1884 intemperanti
2507 1800 2593 1863 in·
2623 1821 2647 1859 8

200 1890 425 1950 vectus
471 1885 536 1950 in
582 1906 822 1987 regem,
871 1885 1041 1968 quod
1071 1886 1415 1969 Lyciorum
1460 1893 1719 1968 gentem
1764 1884 2071 1950 adversus
2117 1883 2404 1951 Rhodios
2451 1906 2594 1952 con-

202 1972 467 2037 citasset
512 1972 900 2055 graviorque
946 1972 1140 2037 Asiae
1188 1979 1380 2054 esset,
1445 1993 1636 2054 quam
1683 1971 2040 2037 Antiochus
2086 1972 2333 2053 fuisset,
2397 1992 2594 2057 popu-

409 2228 457 2277 3.
497 2230 553 2278 et
591 2207 837 2279 defensio
875 2225 1000 2279 etde
1019 2223 1035 2291 ΙΙ
1058 2225 1238 2279 fensio
1285 2201 1344 2280 et
1383 2225 1735 2293 depraecatio
1784 2224 2004 2296 (puncta
2040 2228 2111 2279 al.
2163 2236 2451 2278 atramento
2499 2230 2591 2279 ad-

198 2310 452 2376 iuncta)*.
519 2308 528 2376 Ι
613 2312 1067 2393 erespuebatur*.
1117 2309 1125 2378 Ι
1175 2315 1226 2363 4.
1280 2312 1708 2395 ferociaanimai,
1745 2312 1954 2365 ferocia
1992 2313 2163 2365 nimia
2198 2312 2244 2364 Ι.
2284 2314 2347 2365 F.
2388 2313 2592 2366 Grono-

199 2417 325 2481 vius,
361 2414 570 2468 ferocia
604 2416 828 2481 Bekker,
865 2414 1058 2469 Novdk
1094 2418 1284 2486 ephem.
1319 2417 1497 2470 Austr.
1527 2415 1681 2471 1892
1703 2435 1759 2486 p.
1785 2415 1919 2483 204,
1973 2419 2065 2470 sed
2099 2418 2170 2487 cf.
2209 2417 2279 2468 H.
2316 2418 2361 2470 I.
2398 2417 2594 2469 Mz’c'ller

196 2520 319 2554 ann.
364 2499 540 2555 Berol.
590 2500 741 2557 1893
772 2521 827 2571 p.
863 2502 958 2557 33.
1028 2502 1037 2570 Ι
1103 2501 1277 2572 pri'il
1310 2505 1509 2573 cipes*.
1544 2502 1552 2571 Ι
1597 2510 1644 2558 7.
1698 2500 2595 2571 causamuelcausambelliquallri

198 2586 228 2653 (
229 2598 504 2658 „coeperat
523 2590 772 2643 librarius
795 2592 1018 2644 scribere
1041 2590 1180 2644 uelli
1208 2589 1289 2661 [p.
1309 2590 1493 2660 belli],
1538 2595 1657 2645 dein
1681 2610 1735 2645 se
1758 2587 2011 2647 correxit“
2050 2589 2316 2660 Madviy).
2351 2587 2359 2657 Ι
2391 2591 2551 2645 forte.
2581 2589 2589 2657 Ι

194 2677 243 2729 8.
270 2691 617 2729 eonmunem.
651 2674 660 2743 Ι
693 2680 739 2730 9.
778 2677 1361 2731 omnibusciuitatium.
1394 2677 1403 2746 Ι
1435 2680 1631 2747 adque.
1665 2677 1674 2745 Ι
1707 2682 1975 2733 curaerat.
2009 2676 2017 2745 Ι
2053 2682 2133 2732 12.
2158 2678 2539 2746 praeferentia.
2582 2674 2588 2744 Ι

198 2764 278 2816 13.
354 2762 1772 2834 etlegatiorhodiorumerathacfalsaiturusprinceps
1840 2765 1917 2830 (et
1987 2765 2194 2832 legatio
2250 2764 2591 2817 Rhodiorum

195 2854 316 2902 erat
369 2865 435 2902 ae
491 2848 721 2916 Satyrus
770 2850 1034 2920 princeps
1071 2854 1149 2905 ed.
1195 2852 1325 2905 Bas.
1368 2850 1542 2919 1531)
1582 2858 1638 2907 et
1697 2853 1906 2919 legatio
1966 2851 2312 2906 Rhodiorum
2366 2850 2591 2914 <aderat

193 2935 420 3004 Romae,
468 2936 624 2990 cuius
672 2935 867 3000 ferox>
917 2943 1037 2991 erat
1085 2956 1187 2991 nec
1235 2939 1376 2992 falsa
1425 2939 1680 2994 dicturus
1727 2939 1988 3007 princeps
2037 2939 2106 2990 H.
2155 2939 2200 2990 I.
2255 2935 2487 2999 Maller*‚
2537 2939 2592 2988 et

190 3020 565 3089 legatio<nis>
602 3022 948 3077 Rhodiorum
985 3024 1214 3088 (ferox)
1247 3030 1368 3079 erat
1393 3043 1496 3079 nec
1520 3025 1664 3079 falsa
1699 3024 2059 3079 simulaturus
2082 3023 2342 3091 princeps
2377 3023 2590 3086 Vahlen,

191 3112 382 3178 ephem.
422 3109 601 3162 Austr.
637 3107 787 3162 1861
813 3129 872 3179 p.
910 3109 1044 3176 254,
1083 3116 1139 3165 et
1173 3113 1381 3179 legatio
1417 3113 1600 3167 Rhod.
1638 3113 1922 3177 <venerat‚
1948 3111 2104 3164 cuius
2127 3110 2321 3172 ferox>
2348 3114 2466 3162 erat
2489 3126 2592 3163 nec

190 3195 332 3248 falsa
363 3205 455 3248 cet.
493 3196 642 3262 idem,
680 3213 710 3249 e
734 3195 935 3263 legatis
981 3197 1328 3252 Rhodiorum
1377 3203 1497 3252 erat
1532 3199 1971 3252 Andranodorus
2019 3195 2474 3262 (Athanodorus⁴?
2518 3199 2591 3248 sic

191 3284 245 3334 in
283 3280 394 3345 ed.)
432 3281 696 3350 princeps
730 3283 951 3352 Madvig]
990 3285 1109 3338 Em.
1146 3285 1213 3338 L.
1229 3304 1287 3355 p.
1314 3284 1449 3351 625,
1489 3290 1547 3339 et
1570 3286 1777 3354 legatio
1801 3284 2146 3338 Rhodiorum
2172 3283 2447 3348 (Romae)
2474 3288 2593 3336 erat

191 3385 254 3421 ac
293 3367 526 3435 Satyrus
561 3369 824 3437 princeps
862 3371 1008 3423 Koch
1046 3369 1124 3437 (et
1159 3372 1527 3439 legatio<nis>
1552 3371 1892 3440 Rhodiorum
1918 3373 2038 3423 erat
2064 3369 2294 3435 Satyrus
2330 3370 2591 3437 princeps

190 3457 269 3507 vir
307 3456 438 3507 doct.
479 3471 566 3523 ap.
603 3456 1102 3523 Drakenborchium,
1159 3464 1215 3511 et
1261 3458 1469 3525 legatio
1508 3458 1852 3511 Rhodiorum
1901 3454 2309 3520 <ven>erat1ac
2362 3456 2591 3521 Satyrus

188 3542 457 3609 princeps
493 3558 633 3611 susp.
672 3542 1091 3607 Drakenborch).
1161 3541 1170 3610 Ι
1221 3546 1302 3597 14.
1325 3544 1710 3610 dubiusquem.
1760 3540 1768 3609 Ι
1818 3542 2404 3609 ciuitatisquoquesua,
2459 3541 2592 3594 civi-

189 3631 362 3682 tatem
413 3643 637 3695 quoque
687 3645 841 3682 suam
883 3629 960 3682 ed.
998 3631 1126 3682 Bas.
1164 3628 1330 3696 1531,
1369 3630 1614 3683 civitatis
1653 3646 1873 3697 quoque
1922 3646 2051 3682 suae
2100 3627 2591 3691 <insectationem>

188 3715 412 3782 Madviy
447 3716 481 3766 Z.
519 3716 553 3767 l.
593 3712 690 3779 (an
727 3715 1267 3780 <insimulationem>
1281 3715 1329 3783 ‘?)
1369 3713 1375 3783 Ι
1419 3719 1502 3770 16.
1542 3716 2111 3782 insenatusquerebat.
2158 3713 2167 3778 Ι
2202 3717 2283 3769 17.
2319 3731 2432 3767 non
2470 3716 2589 3767 add.

188 3802 389 3854 Duker.
425 3798 433 3867 Ι
466 3801 929 3869 intemperantius
970 3800 1104 3874 (def.
1145 3804 1500 3857 Weissenborn
1547 3804 1623 3855 ed.
1667 3803 1856 3855 Teubn.
1888 3802 2068 3870 praef.
2090 3818 2143 3869 p.
2170 3800 2296 3852 XII
2319 3811 2365 3854 et
2401 3799 2592 3855 Noc-dle

186 3888 338 3957 Listy
358 3889 444 3957 fil.
488 3885 684 3955 1885),
717 3888 1114 3956 intemperanti
1151 3890 1197 3943 I.
1235 3891 1298 3943 F.
1339 3890 1652 3943 GronoviuS.
1687 3886 1696 3954 Ι
1732 3890 1810 3941 19.
1861 3886 2187 3940 AnthiocuS.
2222 3887 2229 3950 Ι
2261 3888 2590 3955 popularem
2647 3903 2690 3936 ⁷--

295 4004 534 4048 Livius
562 4015 678 4058 pars
707 4006 808 4047 VH.
838 4007 958 4050 fasc.
984 4007 1044 4049 H.
1083 4006 1246 4050 Editio
1277 4007 1448 4050 maior.
2315 3995 2345 4041 2
