3005 4257
449 206 533 268 20
1020 205 1240 263 LIBER
1276 205 1471 258 XLIII.
1511 205 1663 258 CAP.
1705 208 1784 258 16.
1826 202 1895 271 [a.
1934 205 1997 258 U.
2037 221 2082 258 ο.
2122 203 2247 271 585]

454 410 708 476 hastam
754 431 934 476 suam
981 411 1337 490 accederet,
1407 410 1699 477 sociusve
1745 418 1857 475 aut
1918 410 2143 475 adfinis
2207 411 2341 481 eius
2403 411 2844 476 conductionis

399 519 422 555 3
453 506 639 563 esset.
712 518 907 584 saepe
952 498 1019 562 id
1066 500 1393 580 querendo
1436 506 1685 564 veteres
1744 498 2070 583 publicani
2124 519 2266 563 cum
2333 498 2676 583 impetrare
2742 520 2844 563 ne-

451 586 735 664 quissent
780 587 862 650 ab
919 593 1165 665 senatU,
1229 594 1301 663 ut
1353 585 1613 651 modum
1680 585 1980 669 potestati
2050 585 2375 649 censoriae
2444 588 2841 670 inponerent,

449 673 707 737 tandem
751 674 1074 737 tribunum
1119 674 1326 758 plebis
1372 673 1443 736 P.
1491 673 1814 753 Rutilium,
1865 692 1945 736 ex
1981 672 2071 736 rei
2105 672 2392 755 privatae
2439 676 2842 738 contentione

371 779 395 813 4
449 758 676 825 iratum
723 759 1113 840 censoribus,
1163 767 1498 844 patronum
1546 779 1776 824 causae
1839 759 2053 824 nancti
2114 765 2277 824 sunt.
2350 759 2645 824 clientem
2705 761 2845 824 cius
2870 780 2895 817 5
3004 784 3005 787 ¹

451 845 811 911 libertinum
858 849 1165 930 parietem
1209 848 1275 912 in
1323 847 1524 912 Sacra
1567 847 1674 911 via
1717 845 2024 911 adversus
2070 846 2262 911 aedes
2294 847 2585 930 publicas
2633 847 2845 911 demo-

373 952 398 987 5
452 933 554 996 liri
599 933 934 1014 iusserant,
983 934 1156 1015 quod
1202 934 1454 1018 publico
1501 932 1943 998 inaedificatus
1992 941 2178 998 esset.
2250 935 2563 1017 appellati
2620 955 2661 998 a
2720 937 2845 1019 pri-

457 1027 601 1084 vato
647 1021 902 1085 tribuni.
974 1041 1117 1084 cum
1164 1029 1415 1104 praeter
1459 1021 1761 1085 Rutilium
1813 1041 2001 1085 nemo
2048 1018 2489 1101 intercederet,
2545 1040 2844 1085 censores

453 1107 536 1170 ad
582 1110 850 1190 pignera
898 1107 1213 1192 capienda
1257 1110 1583 1186 miserunt,
1644 1107 2036 1189 multamque
2082 1127 2195 1191 pro
2252 1107 2546 1171 contione
2591 1107 2842 1191 privato

402 1217 424 1252 ⁶
456 1193 768 1258 dixerunt.
830 1195 987 1258 hinc
1056 1196 1458 1260 contentione
1529 1203 1667 1259 orta
1736 1214 1881 1258 cum
1950 1203 2199 1259 veteres
2267 1195 2594 1277 publicani
2641 1214 2712 1259 se
2757 1193 2842 1259 ad
2872 1213 2921 1251 ιο

454 1280 777 1345 tribunum
824 1283 1255 1361 contulissent,
1303 1282 1554 1364 rogatio
1602 1288 1862 1366 repente
1910 1283 2027 1346 sub
2072 1281 2255 1345 unius
2310 1281 2544 1345 tribuni
2590 1280 2844 1345 nomine

405 1388 426 1426 τ
458 1371 910 1451 promulgatur,
959 1388 1120 1450 quae
1167 1333 1426 1452 pu’blica
1470 1369 1815 1450 vectigalia
1862 1380 1980 1432 aut
2030 1369 2193 1432 ultro
2263 1368 2496 1433 tributa
2542 1367 2608 1431 O.
2661 1365 2846 1432 Glau-

456 1454 598 1519 dius
644 1463 706 1519 et
751 1455 845 1519 Ti.
899 1455 1311 1539 Sempronius
1356 1458 1695 1534 locassent,
1755 1477 1831 1520 ea
1876 1462 2017 1519 Iata
2077 1455 2309 1520 locatio
2354 1475 2434 1518 ne
2495 1460 2698 1519 esset.
2760 1456 2843 1519 ab

458 1541 704 1623 integro
751 1543 1126 1627 locarentur,
1174 1550 1236 1607 et
1284 1551 1348 1606 ut
1395 1542 1689 1607 omnibus
1741 1541 2096 1606 redimendi
2144 1548 2207 1606 et
2261 1539 2659 1606 conducendi
2704 1562 2845 1625 pro-

407 1648 432 1685 s
459 1628 698 1692 miscue
743 1628 841 1692 ius
891 1636 1078 1693 esset.
1152 1629 1319 1693 diem
1380 1629 1463 1693 ad
1522 1625 1703 1715 [eius]
1764 1626 2158 1711 rogatlonem
2220 1624 2487 1693 concilio
2546 1629 2844 1693 tribunus
2865 1647 2924 1684 15

457 1715 664 1799 plebis
711 1715 888 1779 dixit.
963 1716 1070 1795 qui
1115 1722 1461 1801 postquam
1509 1716 1700 1796 venit,
1749 1723 1819 1779 ut
1865 1735 2163 1780 censores
2208 1714 2293 1778 ad
2340 1714 2903 1791 dissuadendum

459 1808 920 1882 processerunt,
972 1802 1263 1867 Graccho
1311 1803 1565 1867 dicente
1612 1802 1933 1867 silentium
1995 1802 2149 1891 fuit3
2215 1825 2361 1865 cum
2410 1801 2679 1867 Claudio
2742 1804 2850 1867 ob—

407 1910 429 1944 9
459 1895 862 1973 streperetur,
910 1888 1300 1953 audientiam
1346 1889 1558 1954 facere
1619 1909 1998 1974 praeconem
2059 1855 2262 1953 iussit.
2334 1909 2408 1953 eo
2469 1889 2640 1954 facto
2701 1909 2851 1955 avo-

442 1983 668 2040 catam
713 1997 753 2040 a
799 1996 868 2040 se
915 1976 1276 2041 contionem
1307 1977 1597 2042 tribunus
1630 1982 1894 2058 questus
1927 1976 2084 2040 etin
2116 1976 2400 2041 ordinem
2441 1996 2509 2040 se
2556 1983 2850 2042 coactum
2947 2030 2954 2035 .

381 2080 432 2118 10
461 2084 537 2127 ex
601 2062 932 2148 Capitolio,
1007 2063 1116 2128 ubi
1184 2069 1318 2127 erat
1386 2063 1739 2144 concilium,
1808 2063 1985 2127 abiit.
2055 2070 2309 2148 postero
2379 2063 2482 2128 die
2548 2064 2846 2148 ingentes
2875 2082 2928 2119 20
2997 2124 3005 2168 4

459 2153 765 2215 tumultus
813 2151 1001 2216 ciere.
1071 2151 1164 2215 Ti.
1213 2150 1481 2216 Gracchi
1529 2152 1801 2234 primum
1846 2152 2011 2215 bona
2078 2150 2491 2230 consecravit,
2562 2150 2733 2233 quod
2779 2152 2848 2218 in
3004 2171 3005 2210 ι

463 2239 663 2301 multa
706 2238 1208 2321 pignoribusque
1255 2238 1414 2315 eius,
1462 2239 1570 2320 qui
1600 2240 1919 2303 tribunum
1951 2238 2357 2322 appellasset,
2400 2237 2847 2303 intercessioni

385 2347 432 2382 ιι
461 2345 585 2388 non
632 2325 931 2408 parendo,
1004 2346 1073 2389 se
1119 2325 1185 2388 in
1231 2325 1518 2390 ordinem
1564 2326 1911 2409 coegisset;
1985 2326 2051 2391 G.
2106 2324 2375 2390 Claudio
2445 2325 2615 2389 diem
2663 2325 2844 2408 dixit,

461 2412 633 2493 quod
664 2412 1022 2477 contionem
1053 2413 1135 2478 ab
1168 2432 1237 2476 se
1269 2419 1635 2496 avocasset3
1687 2421 1749 2477 et
1779 2412 2032 2494 utrique
2065 2411 2313 2477 censori
2343 2413 2850 2495 perduellionem

462 2517 531 2562 se
577 2498 857 2563 iudicare
890 2499 1336 2583 pronuntiavit,
1387 2500 1682 2582 diemque
1729 2500 1999 2564 comitiis
2045 2519 2085 2562 a
2124 2498 2190 2562 C.
2227 2498 2513 2583 Sulpicio
2552 2507 2851 2584 praetore
2879 2518 2935 2556 2⁶
3004 2503 3005 2528 ³

669 2728 717 2778 2.
745 2742 985 2792 quaeren
1011 2727 1032 2788 ΙΙ
1058 2728 1146 2780 do.
1180 2724 1189 2793 Ι
1220 2727 1521 2794 nequisset.
1558 2724 1565 2792 Ι
1598 2729 1646 2779 4.
1683 2730 1739 2779 ta
1775 2726 1796 2788 ΙΙ
1822 2726 2021 2781 ᾶθΠιῒῗ.
2057 2725 2133 2793 fil.
2171 2724 2407 2792 utffium,
2444 2742 2579 2777 corr.
2605 2725 2857 2794 &ponitis

463 2810 710 2877 (tandem
726 2817 805 2879 tr.
833 2813 907 2879 pl.
935 2813 1209 2866 Rutilium
1235 2815 1309 2867 ed.
1336 2814 1475 2866 Bas:
1490 2811 1684 2875 1531).
1718 2809 1725 2879 Ι
1758 2812 2189 2864 contentionem.
2228 2808 2235 2876 Ι
2264 2814 2311 2864 5.
2341 2810 2446 2863 clie
2471 2811 2493 2873 ΙΙ
2518 2815 2651 2877 tem,
2678 2812 2854 2865 clien-

461 2902 577 2951 tem
611 2898 801 2963 <eius>
837 2901 882 2953 I.
909 2901 971 2952 F.
1002 2900 1308 2964 Gronovius‘,
1347 2902 1417 2967 cf.
1444 2900 1767 2968 Alarici-qiam
1802 2900 1857 2957 in
1897 2900 2016 2951 adn.
2056 2897 2157 2951 ecl*.
2191 2895 2200 2964 Ι
2243 2899 2290 2951 8.
2331 2898 2800 2965 praeterutilium.
2845 2898 2852 2966 Ι

466 2989 545 3039 10.
585 2986 721 3049 hiel!
749 2987 1118 3041 contentione.
1153 2983 1161 3052 Ι
1199 2991 1276 3039 12.
1317 2983 1759 3053 promulgatus!
1814 2990 1910 3038 aut
1947 2986 2065 3038 add.
2117 2986 2296 3038 Walch
2332 2986 2452 3038 Em.
2480 2985 2542 3039 L.
2575 3005 2631 3055 p.
2669 2985 2798 3041 172.
2845 2985 2854 3053 Ι

381 3064 385 3067 ’
467 3078 546 3126 13.
599 3077 686 3125 ·t·
739 3073 1103 3140 sempronius,
1155 3092 1289 3132 corr.
1351 3075 1425 3126 ed.
1474 3073 1603 3126 Bas,
1654 3071 1821 3125 1535.
1866 3069 1874 3137 Ι
1919 3071 2224 3139 adintegrO,
2274 3090 2407 3125 corr.
2453 3072 2709 3142 Kreyssiy
2760 3072 2858 3136 (de

463 3160 683 3226 integro
718 3162 793 3213 ed.
831 3161 958 3213 Βαε.
996 3159 1188 3226 1531).
1233 3159 1241 3225 Ι
1289 3163 1366 3213 15.
1407 3160 1462 3212 di
1488 3161 1510 3222 ΙΙ
1536 3158 2177 3226 emadeiusrogationem‚
2219 3159 2361 3212 diem
2400 3160 2469 3212 ad
2505 3159 2859 3225 rogationem

483 3248 669 3299 Vahlen
705 3250 892 3315 ephem.
920 3249 1114 3313 Austr.,
1152 3248 1311 3299 Hertz
1349 3246 1487 3314 (eius
1526 3265 1587 3299 ex
1623 3248 1717 3299 litt.
1752 3247 1897 3311 final.
1938 3246 2203 3298 verborum
2238 3245 2551 3312 promiscue
2587 3246 2678 3299 ius
2710 3264 2860 3316 repe-

467 3333 658 3398 titum),
699 3334 844 3387 diem
881 3335 952 3387 ad
989 3334 1105 3388 eius
1141 3335 1352 3400 <legis>
1388 3334 1737 3400 rogationem
1774 3334 2008 3399 Madvig),
2050 3332 2194 3385 diem
2232 3333 2301 3385 ad
2325 3333 2467 3400 legis
2505 3332 2861 3398 rogationem

467 3420 732 3488 Kreyssiy,
783 3420 932 3473 diem
979 3421 1095 3474 eius
1150 3420 1458 3487 rogationis
1496 3421 1642 3472 Koch
1690 3418 1859 3486 (diem
1906 3421 1976 3472 ad
2024 3437 2143 3474 eam
2198 3421 2545 3487 rogationem
2596 3418 2685 3487 [sc.
2730 3439 2860 3489 per-

466 3504 774 3571 ferendam]
826 3506 1053 3569 Duker).
1114 3505 1121 3573 Ι
1159 3513 1228 3560 tr.
1267 3508 1288 3568 ΙΙ
1325 3508 1401 3573 pl.
1453 3507 1651 3574 dixitq.
1677 3507 1975 3575 postuenit,
2024 3525 2157 3560 corr.
2213 3509 2287 3560 ed.
2332 3509 2459 3560 Βαε.
2510 3505 2675 3561 1531.
2720 3506 2729 3574 Ι
2778 3513 2862 3562 17.

469 3591 722 3646 dicendo.
757 3590 765 3658 Ι
799 3609 923 3645 cum
949 3595 1069 3646 add.
1096 3595 1170 3646 ed.
1196 3594 1324 3645 Bas,
1363 3591 1528 3645 1531.
1578 3590 1587 3659 Ι
1639 3595 1718 3645 18.
1762 3599 2007 3648 auocato.
2048 3591 2057 3659 Ι
2088 3597 2165 3647 19.
2205 3597 2485 3660 quaestus.
2520 3592 2528 3660 Ι
2561 3597 2644 3647 20.
2671 3594 2806 3648 abit.
2849 3592 2858 3661 Ι

471 3675 774 3746 (postremo
823 3680 912 3732 die
948 3682 1205 3747 ingentes
1243 3682 1517 3733 tumultus
1556 3680 1705 3733 ciens
1742 3681 1872 3734 coni.
1909 3681 1955 3734 I.
1993 3681 2054 3733 F.
2096 3678 2429 3746 Gronovius)
2481 3678 2490 3747 Ι
2538 3680 2807 3747 ingentis
2851 3678 2860 3746 Ι

470 3788 554 3837 21.
592 3778 692 3838 tib.
730 3784 932 3852 graeci.
985 3784 993 3850 Ι
1040 3790 1122 3839 22.
1178 3767 2083 3853 quitribuniquitribununmappel
2107 3785 2127 3846 ΙΙ
2152 3785 2380 3851 lassent,
2416 3802 2549 3838 corr.
2598 3786 2677 3838 ed.
2726 3785 2861 3837 Bas.

470 3868 635 3925 1531.
668 3869 676 3939 Ι
709 3874 791 3925 24.
818 3877 1159 3927 auocassent.
1193 3870 1201 3940 Ι
1234 3873 1534 3940 utrimque.
