3005 4257
1048 615 1305 726 ΤΙΤΙ
1354 615 1633 727 LIVI

814 783 958 849 AB
1005 782 1309 851 URBE
1357 780 1871 851 CONDITA

1112 898 1337 952 LIBER
1374 898 1542 952 XLII.

350 1146 401 1210 Ι.
451 1146 519 1210 L.
566 1145 935 1212 Postumius
981 1147 1253 1212 Albinus
1299 1147 1382 1211 M.
1431 1146 1720 1232 Popilius
1765 1145 2016 1211 Laenas
2064 1167 2210 1212 cum
2255 1148 2534 1212 omnium
2566 1169 2586 1205 1

138 1233 421 1318 primum
489 1232 570 1298 de
630 1233 973 1318 provinciis
1041 1244 1098 1298 et
1165 1234 1554 1299 exercitibus
1622 1232 1707 1298 ad
1768 1242 2063 1298 senatum
2122 1233 2536 1315 rettulissent,

138 1320 418 1404 Ligures
463 1320 719 1404 utrique
766 1320 1008 1386 decreti
1054 1328 1218 1403 sunt,
1290 1328 1361 1385 ut
1405 1341 1605 1386 novas
1651 1320 1862 1399 amb0,
1923 1320 2156 1401 quibus
2216 1341 2357 1386 eam
2400 1342 2537 1406 pro·
2566 1343 2590 1381 2

138 1408 421 1472 vinciam
482 1407 857 1488 obtinerent,
919 1407 1210 1491 legiones
1270 1446 1357 1454 —
1414 1408 1605 1473 binae
1666 1406 1940 1489 singulis
2002 1407 2297 1473 decretae
2344 1442 2426 1455 —
2475 1415 2539 1474 et

87 1520 113 1557 5
143 1495 393 1560 socium
439 1493 651 1558 Latini
694 1495 966 1559 nominis
1015 1495 1182 1559 dena
1224 1495 1398 1559 milia
1457 1493 1746 1580 peditum
1789 1501 1855 1559 et
1900 1513 2202 1559 sescenos
2263 1494 2531 1578 equites,

143 1589 209 1646 et
286 1581 802 1665 supplementum
869 1581 1225 1666 Hispaniae
1299 1581 1424 1646 tria
1500 1581 1677 1645 milia
1751 1580 2039 1665 peditum
2112 1581 2537 1647 Romanorum

146 1668 500 1733 scriberent
545 1673 608 1732 et
655 1667 962 1734 ducentos
1009 1669 1276 1751 equites.
1324 1667 1409 1732 ad
1453 1668 1575 1733 hoc
1621 1667 1794 1732 mille
1826 1674 1889 1732 et
1921 1667 2250 1751 quingenti
2282 1668 2535 1753 pedites
2564 1689 2588 1726 3

144 1753 415 1855 Romani
461 1773 606 1818 cum
653 1762 907 1820 centum
952 1755 1274 1855 equitibus
1321 1755 1513 1820 scribi
1560 1755 1736 1836 iussi,
1794 1774 1940 1818 cum
1986 1754 2217 1837 quibus
2263 1765 2535 1839 praetor,

145 1841 251 1907 cui
285 1841 587 1906 Sardinia
632 1841 989 1925 obtigisset,
1037 1842 1102 1906 in
1136 1841 1460 1907 Corsicam
1505 1848 1948 1924 transgressus
1979 1840 2217 1906 bellum
2249 1850 2536 1924 gereret;

64 1953 115 1991 10
142 1927 398 1993 interim
430 1927 513 1992 Μ.
547 1928 804 2007 Atilius,
852 1935 1037 1994 vetus
1070 1936 1344 2012 praetor,
1377 1928 1777 2013 provinciam
1808 1927 2125 1993 obtineret
2156 1927 2533 1993 Sardiniam.
2565 1950 2592 1988 4

148 2020 478 2098 praetores
547 2012 778 2079 deinde
846 2015 1210 2100 provincias
1278 2015 1484 2080 sortiti
1553 2022 1717 2095 sunt,
1788 2014 1864 2078 A.
1929 2014 2163 2080 Atilius
2228 2013 2538 2080 Serranus
2565 2036 2591 2073 5

150 2102 480 2180 urbanam,
516 2101 585 2167 C.
623 2101 886 2169 Cluvius
919 2103 1162 2168 Saxula
1204 2102 1373 2168 inter
1419 2102 1595 2168 cives
1642 2108 1705 2167 et
1751 2101 2145 2187 peregrinOS,
2180 2100 2263 2168 N.
2295 2100 2537 2169 Fabius

146 2190 352 2254 Buteo
399 2154 783 2271 Hispaniam
829 2191 1204 2269 citeriorem,
1253 2190 1335 2254 M.
1389 2191 1709 2255 Matienus
1758 2190 2141 2271 ulteriorem,
2191 2189 2273 2253 M.
2308 2190 2537 2255 Furius

144 2276 486 2361 Crassipes
511 2276 814 2356 Siciliam,
841 2277 911 2341 C.
928 2276 1254 2342 Cicereius
1272 2277 1656 2342 Sardiniam.
1683 2275 2056 2361 priusquam
2079 2276 2143 2340 in
2155 2277 2539 2361 provincias
2566 2296 2590 2335 e

66 2385 116 2423 15
143 2362 564 2445 magistratus
609 2362 1182 2448 proficiscerentur,
1232 2365 1482 2430 senatui
1529 2364 1788 2449 placuit,
1837 2364 1905 2427 L.
1953 2362 2369 2428 Postumium*
2394 2383 2540 2428 con-

146 2451 352 2515 sulem
385 2449 486 2513 ‘ad
531 2470 756 2533 agrum
799 2451 1125 2534 publicum
1157 2471 1197 2515 a
1226 2451 1475 2535 privato
1530 2450 2044 2515 terminandum
2027 2469 2092 2513 1n
2125 2449 2540 2533 Campaniam

144 2538 256 2616 ire,
291 2537 476 2602 cuius
507 2536 836 2619 ingentem
865 2538 1122 2602 modum
1151 2537 1484 2622 possidere
1509 2538 1794 2621 privatos
1809 2536 2128 2704 paulatim
2151 2537 2539 2620 proferendo

142 2624 305 2688 fines
354 2625 708 2689 constabat.
755 2623 863 2689 hic
907 2625 1108 2689 iratus
1154 2624 1609 2704 Praenestinis,
1682 2644 1804 2706 quo
1935 2643 2080 2688 cum
2126 2643 2201 2688 eo
2247 2624 2536 2707 privatus
2565 2643 2587 2681 ⁷

144 2708 449 2776 sacrificii
494 2709 558 2774 in
603 2711 845 2795 templo
872 2711 1195 2775 Fortunae
1227 2710 1515 2777 faciundi
1547 2731 1744 2776 causa
1773 2708 2100 2794 profectus
2146 2716 2335 2790 esset,
2383 2709 2543 2774 nihil

361 2906 404 2953 1.
441 2903 532 2967 sic,
569 2918 673 2953 non
708 2901 983 2969 Popillius
1020 2905 1164 2968 cocl.,·
1219 2904 1290 2973 cf.
1332 2903 1609 2956 Gitlbauer
1637 2922 1695 2973 p.
1733 2899 1827 2955 55.
1865 2899 1874 2966 Ι
1906 2905 1954 2954 2.
2017 2883 2543 2969 prouincisllexser-

146 2988 350 3041 citibus
398 2984 498 3054 (cf.
539 2987 813 3040 Gitlbauer
849 2990 881 3041 l.
920 2988 1012 3054 c.),
1062 2988 1368 3056 prouinciis
1406 2989 1860 3055 exercitibusque
1907 2991 1984 3041 ed.
2022 2989 2150 3041 Bas,
2189 2985 2355 3055 1531,
2404 3007 2539 3042 corr.

154 3075 352 3129 Vahlen
390 3075 580 3143 ephem.
617 3073 796 3127 Austr.
835 3072 984 3128 1861
1012 3094 1070 3144 p.
1110 3074 1242 3129 249.
1275 3074 1284 3142 Ι
1317 3076 1384 3129 ab
1423 3079 1677 3129 senatum
1716 3074 1814 3143 (cf.
1855 3076 1916 3127 de
1953 3076 2156 3127 vocibus
2192 3074 2263 3128 ad
2297 3084 2345 3127 et
2381 3075 2449 3128 ab
2488 3077 2544 3127 in

143 3163 293 3214 codd.
341 3161 458 3214 Liv.
498 3163 813 3229 permutatis
850 3159 1007 3228 Ziny.
1057 3180 1152 3213 zur
1199 3160 1251 3215 4.
1290 3163 1502 3215 Decade
1538 3162 1576 3213 I
1596 3180 1655 3232 p.
1696 3161 1771 3214 13
1807 3170 1854 3213 et
1891 3159 1941 3226 *)
1987 3159 1997 3227 Ι
2040 3163 2087 3216 3.
2126 3160 2249 3223 <et>
2302 3151 2382 3214 ut'
2413 3163 2541 3214 coni.

142 3248 387 3317 Ruperti.
421 3244 431 3314 Ι
462 3251 511 3301 4.
549 3247 884 3317 optinerent.
918 3247 926 3315 Ι
959 3253 1008 3302 5.
1047 3249 1156 3303 DC.
1197 3249 1428 3317 equiteS,
1482 3253 1777 3303 sexcentos
1828 3248 2043 3315 equites
2093 3252 2169 3301 ed.
2208 3249 2338 3302 Par.
2378 3247 2542 3311 1573,

141 3353 284 3389 corr.
312 3334 704 3389 Drakenborch.
738 3332 746 3402 Ι
778 3341 825 3390 6.
884 3336 1011 3389 ·111.
1062 3333 1070 3403 Ι
1121 3340 1167 3390 7.
1195 3342 1251 3390 et
1277 3336 1378 3390 CC.
1423 3333 1433 3403 Ι
1482 3341 1572 3389 et·
1594 3354 1640 3390 a.
1667 3336 1799 3405 pedi
1817 3332 1833 3402 ῘΙ
1852 3340 1953 3389 tes.
1983 3334 1992 3402 Ι
2046 3338 2093 3389 8.
2122 3335 2545 3402 centumequiti-

142 3439 252 3493 bus
276 3436 295 3506 ΙΙ
320 3423 425 3493 CC.
493 3438 501 3502 Ι
545 3440 715 3494 scribi
744 3440 908 3495 iussa.
970 3439 978 3507 Ι
1060 3442 1142 3494 10.
1179 3441 1470 3510 prouincia
1487 3441 1783 3507 optineret.
1834 3438 1843 3506 Ι
1895 3440 1975 3493 12.
2014 3424 2114 3495 Ὀ-ῐῖ.
2151 3440 2373 3507 Fabius,
2410 3458 2543 3492 corr.

145 3527 410 3595 Siyoniua
454 3522 463 3590 Ι
499 3530 577 3579 14.
618 3527 921 3596 Crassiper.
972 3525 980 3594 Ι
1030 3527 1087 3579 in
1141 3527 1502 3595 magistratus
1560 3526 1941 3594 (magistratus
1979 3530 2056 3581 ed.
2091 3527 2223 3579 Bas,
2260 3524 2452 3593 1531),
2488 3526 2546 3579 in

142 3611 532 3683 <prov-incias>
555 3614 912 3681 magistratus
937 3615 1204 3683 Kreyssiy.
1263 3612 1272 3681 Ι
1324 3617 1405 3668 17.
1454 3614 2392 3682 modumpossiderepriuatospaula
2410 3610 2429 3680 ΙΙ
2446 3613 2547 3666 tim

145 3697 1013 3768 proferendofinescontrabathic
1043 3699 1059 3766 ΙΙ
1091 3700 1267 3755 iratus
1286 3700 2109 3770 Praenestinisquodcumeopri
2128 3697 2143 3764 ΙΙ
2175 3704 2336 3753 natas
2354 3700 2547 3768 paula·

147 3784 872 3854 timproferendofinescons
918 3783 936 3854 ΙΙ
1000 3786 1956 3853 tabathiciratusPraenestinisquod
2018 3784 2034 3850 ΙΙ
2101 3786 2549 3854 cumeopriuatus

148 3870 666 3941 sacrificiintemplo
717 3872 806 3939 (cf.
847 3874 1123 3926 Gitlbauer
1151 3892 1210 3944 p.
1251 3872 1322 3926 81
1358 3883 1405 3926 et
1441 3870 1563 3938 56³).

252 3988 491 4032 Livius
519 4000 634 4042 pars
664 3991 762 4034 VII.
788 3992 905 4035 fasc.
932 3991 992 4035 H.
1032 3992 1195 4035 Editio
1225 3991 1396 4034 maior.
2271 3979 2296 4028 1
