3005 4257
723 196 943 250 LIBER
980 196 1144 249 an.
1186 195 1337 250 cAP.
1377 199 1460 250 53.
1498 198 1583 249 54.
1623 193 1693 262 [a.
1732 196 1798 250 U.
1838 212 1883 249 ο.
1922 192 2047 261 583]
2501 195 2588 259 67

193 368 528 448 montibus,
561 386 719 449 quos
751 367 1133 433 Cambunios
1165 376 1414 448 vocant,
1448 367 1778 433 descendit
1809 367 1893 432 ad
1922 367 2261 452 Tripolim:
2296 368 2589 449 Azorum,

194 453 531 538 Pythoum,
581 455 916 520 Dolichen.
984 455 1333 520 incolentes
1360 456 1521 520 haec
1566 455 1686 518 tria
1732 453 1970 538 oppida
2027 455 2351 539 paulisper
2411 475 2589 520 cunc·
2619 473 2642 511 τ

192 541 325 622 tati,
376 541 525 622 quia
573 541 826 607 obsides
873 542 1189 607 Larisaeis
1239 541 1563 622 dederant,
1610 541 1762 605 victi
1807 549 2022 605 tamen
2065 542 2385 625 praesenti
2417 550 2589 606 metu

190 627 253 690 in
299 627 691 692 deditionem
737 637 1202 694 concesserunt.
1250 629 1527 710 benigne
1575 628 1675 692 his
1722 628 2078 712 appellatis,
2133 626 2306 692 haud
2336 627 2583 709 dubius,
2618 645 2644 683 8

141 732 166 771 ⁵
191 714 590 780 Perrhaebos
623 733 875 796 quoque
899 715 1071 779 idem
1091 715 1495 800 facturosff*
1527 716 1765 795 urbem,
1791 714 1949 778 nihil
1974 715 2299 795 cunctatis,
2348 715 2454 796 qui
2500 715 2588 778 in-

188 802 503 882 colebant,
572 801 775 885 primo
852 802 1130 867 adventu
1197 803 1436 886 recipit.
1509 802 1800 885 Cyretias
1868 821 2239 886 oppugnare
2307 808 2588 881 coactuS,
2614 819 2640 858 9

188 888 390 971 primo
443 888 684 972 [etiam]
744 889 849 953 die
896 889 1026 954 acri
1073 909 1380 954 concursu
1427 888 1512 953 ad
1555 897 1771 973 portas
1818 896 2199 952 armatorum
2245 895 2340 953 est
2384 889 2589 972 repul-

185 994 328 1058 sus3
390 982 645 1063 postero
707 976 811 1040 die
872 976 1160 1041 omnibus
1222 976 1421 1060 copiis
1482 974 1742 1040 adortus
1809 975 1875 1038 in
1935 974 2323 1039 deditionem
2369 995 2585 1039 omnes

186 1069 336 1126 ante
382 1069 635 1126 noctem
681 1063 947 1146 accepit.
1444 1080 1459 1094 ·

113 1244 157 1282 10
395 1225 562 1290 LIV.
612 1225 848 1308 Mylae,
895 1227 1250 1311 proximum
1297 1225 1621 1311 oppidum,
1690 1226 1780 1290 ita
1824 1225 2150 1306 munitum,
2211 1233 2279 1290 ut
2337 1225 2587 1290 inexsu-
2615 1245 2638 1282 1

182 1313 486 1397 perabilis
532 1313 898 1378 munimenti
968 1332 1114 1398 spes
1174 1313 1416 1377 incolas
1477 1312 1819 1378 ferociores
1880 1313 2137 1393 faceret,
2197 1333 2325 1377 non
2369 1320 2585 1397 portas

183 1400 484 1466 claudere
515 1399 656 1482 regi
686 1399 841 1465 satis
858 1398 1230 1479 habuerunt,
1265 1399 1378 1465 sed
1411 1400 1657 1484 probris
1690 1420 1941 1481 quoque
1973 1399 2040 1462 in
2068 1400 2275 1484 ipsum
2292 1399 2585 1464 Macedo-

182 1506 428 1568 nasque
473 1486 848 1570 procacibus
893 1485 1152 1550 iaculati
1199 1494 1361 1551 sunt.
1413 1507 1577 1569 quae
1608 1506 1709 1551 res
1743 1507 1885 1550 cum
1914 1486 2306 1551 infestiorem
2336 1485 2586 1550 hostem
2613 1504 2638 1542 2

183 1571 270 1636 ad
316 1573 818 1659 oppugnandum
863 1573 1137 1653 fecisset,
1205 1573 1380 1656 ipsos
1427 1573 1869 1656 desperatione
1915 1573 2140 1638 veniae
2184 1572 2270 1636 ad
2314 1572 2584 1637 tuendos

110 1677 156 1716 15
183 1680 327 1726 sese
391 1660 597 1724 acrius
658 1659 966 1724 accendit.
1039 1659 1254 1742 itaque
1320 1680 1436 1744 per
1504 1660 1779 1724 triduum
1844 1660 2205 1741 ingentibus
2274 1660 2583 1740 utrimque
2612 1677 2638 1715 s

182 1747 413 1812 animis
461 1754 524 1811 et
569 1753 938 1830 oppugnata
999 1754 1095 1811 est
1139 1747 1293 1811 urbs
1336 1757 1394 1810 et
1438 1745 1721 1811 defensa.
1783 1745 2116 1811 multitudo
2144 1744 2582 1810 ‘Macedonum

182 1833 269 1897 ad
313 1832 711 1898 subeundum
770 1833 837 1896 in
895 1833 1100 1898 vicem
1159 1833 1469 1918 proelium
1537 1832 1710 1896 haud
1768 1832 2108 1897 difficulter
2166 1833 2576 1916 suppetebat;

181 1920 564 2004 oppidanOS,
626 1919 814 2000 diem,
876 1927 1126 1984 noctem
1187 1919 1448 1985 eosdem
1507 1926 1754 1984 tuentes
1816 1919 2085 1999 moenia,
2146 1940 2273 1983 non
2320 1919 2582 1983 vulnera

179 2007 396 2087 mod0,
467 2006 582 2071 sed
628 2006 818 2071 etiam
861 2006 1122 2089 vigiliae
1170 2014 1233 2071 et
1278 2007 1606 2071 continens
1666 2007 1846 2071 labor
1904 2006 2290 2071 conficiebat.
2356 2014 2580 2086 quarto
2608 2018 2636 2056 4

413 2223 458 2270 1.
513 2218 772 2271 motibus„
823 2217 832 2283 Ι
881 2217 1570 2285 descenditadtripolimuo
1588 2215 1606 2284 ΙΙ
1626 2217 2583 2286 cantadzorispytolumetdoscenin-

175 2304 456 2359 colentis*
484 2302 795 2371 (descendit
831 2304 903 2357 ad
937 2331 1006 2341 --
1041 2304 1313 2373 Tripolim
1339 2308 1541 2358 vocant
1559 2332 1628 2341 —
1648 2305 1907 2372 Azorum,
1932 2305 2210 2372 Pythoum
2231 2311 2286 2359 et
2310 2306 2583 2360 Dolichen

178 2391 491 2447 incolentes
504 2394 580 2443 ed.
596 2393 725 2445 Bas.
748 2389 919 2456 1531)
937 2409 955 2455 ;
976 2391 1275 2444 Hartelium
1287 2401 1486 2444 secutus
1498 2410 1610 2443 sum
1624 2394 1814 2461 ephem,
1828 2391 2009 2445 Austr.
2024 2391 2240 2461 136612.
2267 2392 2330 2452 8,·
2357 2393 2583 2447 descen-

177 2478 261 2531 dit
281 2478 353 2531 ad
377 2477 671 2545 Tripolim,
705 2481 769 2531 ut
786 2481 990 2532 vocant
1007 2478 1266 2544 Azorum,
1304 2478 1581 2545 Pythoum
1600 2483 1655 2531 et
1681 2477 1955 2531 Dolichen
1978 2479 2505 2534 incolentesHarant
2522 2500 2579 2551 p.

173 2562 258 2617 25
270 2567 294 2616 l
323 2561 636 2631 (descendit
654 2564 725 2618 ad
741 2565 1002 2633 Azorum,
1016 2564 1292 2630 Pythoum
1308 2568 1365 2618 et
1380 2561 1459 2629 [et
1478 2582 1577 2618 om.
1598 2560 1835 2634 Madvig,
1860 2563 2050 2632 Hertz]
2073 2566 2344 2621 Dolichen
2359 2587 2371 2633 3
2387 2566 2582 2637 Tripo-

175 2650 277 2706 lim
295 2656 504 2706 vocant
524 2651 836 2706 incolentes
851 2652 1222 2715 Weissenborn,
1241 2652 1476 2720 Madmy,
1497 2650 1703 2716 Hertz).
1722 2649 1730 2718 Ι
1748 2656 1796 2705 2.
1817 2652 2580 2734 oppicpaulispercunctata*.

176 2754 190 2820 Ι
214 2758 263 2809 3.
285 2755 454 2809 uicta.
475 2754 550 2821 15.
571 2756 864 2811 Perrebos.
897 2755 906 2821 Ι
936 2756 1186 2810 facturos
1217 2759 1340 2810 add.
1361 2759 1439 2810 ed.
1460 2758 1591 2809 Bas.
1614 2755 1780 2810 1531.
1814 2756 1822 2821 Ι
1852 2767 2031 2826 postea
2061 2775 2243 2810 nomen
2272 2759 2418 2811 urbis
2447 2763 2581 2813 exci-

171 2846 331 2908 disse,
352 2844 479 2896 vidit
502 2840 710 2896 Cre‘vier
731 2841 994 2909 (Eritium
1013 2843 1365 2896 Weissenborn
1381 2845 1443 2896 cl.
1465 2844 1735 2909 XXXVI,
1758 2842 1847 2910 13,
1873 2843 1940 2909 4‚·
1958 2844 2258 2899 Malloeam
2277 2845 2492 2898 Harant
2517 2849 2577 2899 cl.

173 2930 481 2994 XXXXII,
518 2928 608 2995 6²7,
661 2928 738 2994 7).
789 2929 797 2994 Ι
846 2933 898 2983 6.
946 2948 1070 2981 num
1117 2929 1368 2998 recepit?
1417 2930 1651 2998 Madviy.
1718 2929 1727 2992 Ι
1792 2946 2118 2998 oppugnare
2167 2936 2399 2987 conatus
2447 2923 2578 2986 coni.

174 3018 442 3087 Siyonius.
491 3012 500 3083 Ι
551 3020 600 3069 7.
639 3017 808 3070 etiam
845 3018 991 3069 valde
1026 3026 1314 3086 suspectum
1350 3018 1539 3070 inclusi
1573 3018 1771 3082 (ortum
1806 3035 1868 3070 ex
1903 3019 2071 3070 altera
2102 3027 2256 3087 parte
2283 3036 2387 3071 voc.
2413 3019 2581 3085 cyre-

173 3105 284 3157 tias
320 3100 634 3172 repetita)*,·
671 3102 806 3156 item
841 3102 958 3155 dub.
995 3103 1064 3156 H.
1103 3104 1149 3156 I.
1188 3101 1434 3156 Maller*.
1467 3101 1477 3170 Ι
1511 3104 1923 3171 agriconcursu.
1957 3102 1965 3171 Ι
1997 3103 2497 3173 estconrepulsus.l
2527 3107 2577 3159 8.

175 3189 704 3259 copiisadhortatus,
759 3190 832 3258 cf.
890 3189 1163 3242 Gitlbauer
1209 3208 1267 3261 p.
1307 3189 1396 3243 84.
1430 3187 1438 3256 Ι
1474 3194 1555 3243 11.
1581 3190 1914 3244 munimenti
1950 3191 2164 3258 species
2200 3193 2330 3246 coni.
2363 3192 2578 3245 Harant

171 3296 228 3347 p.
266 3274 401 3329 251.
434 3276 443 3341 Ι
474 3276 675 3330 facere.
702 3273 717 3346 Ι
753 3279 834 3329 12.
873 3276 1134 3329 claudere
1154 3274 1170 3343 ΙΙ
1188 3274 1299 3343 gi*.
1333 3276 1341 3342 Ι
1390 3264 1506 3330 aut*
1518 3277 1729 3345 probra
1756 3317 1771 3331 .
1826 3317 1839 3331 .
1896 3318 1909 3332 .
1966 3318 1978 3332 .
2007 3278 2267 3345 procacia
2301 3289 2393 3330 aut
2429 3281 2580 3332 iocu-

175 3362 281 3417 lati
317 3360 508 3430 (iocati
545 3360 748 3436 Muret)
788 3363 834 3416 I.
871 3364 936 3415 F.
978 3363 1270 3416 Gronovius
1308 3361 1427 3429 (sed
1460 3365 1533 3434 cf.
1573 3365 1687 3417 Liv.
1731 3364 1947 3430 XXVI,
1984 3364 2075 3428 51,
2114 3364 2149 3417 4
2187 3376 2234 3418 et
2273 3366 2447 3427 Quint.
2473 3366 2576 3430 IX,

174 3449 234 3516 2,
276 3448 390 3516 79).
422 3447 432 3515 Ι
467 3452 548 3502 14.
587 3449 1150 3503 tuendosesseacrius.
1194 3448 1202 3516 Ι
1252 3453 1335 3503 16.
1374 3451 2074 3518 etoppugnataestdefensa
2110 3450 2188 3518 (et
2226 3456 2577 3520 oppugnatae

178 3540 313 3590 sunt
349 3539 409 3590 et
447 3536 706 3590 defensae
732 3538 810 3588 ed.
847 3536 976 3588 Bas.
1018 3534 1204 3603 1531),
1244 3540 1299 3590 et
1336 3541 1662 3605 oppugnata
1692 3538 1947 3602 est<urbs
1973 3537 2064 3601 et>
2093 3537 2318 3593 defensa
2341 3539 2576 3606 Madviq,

175 3626 237 3677 et
271 3626 595 3691 oppugnata
632 3626 719 3676 est
755 3622 883 3685 <et>
922 3623 1150 3677 defensa
1199 3624 1557 3676 Weissenborn
1600 3626 1653 3676 in
1691 3627 1768 3677 ea'.
1812 3625 2022 3689 Teubn.,
2061 3626 2236 3677 Hertz.
2271 3622 2281 3689 Ι
2313 3629 2394 3679 17.
2434 3625 2576 3679 diffi-

175 3708 608 3777 cultersedebat,
647 3705 974 3775 (difficulter
1010 3709 1344 3763 succedebat
1380 3711 1458 3763 ed.
1496 3711 1628 3763 Bas.
1667 3708 1856 3776 1531),
1906 3710 2209 3764 difficulter
2247 3715 2578 3781 suppetebat
2607 3753 2612 3754 ν

176 3796 400 3863 Madviy
438 3795 560 3847 Em.
598 3795 661 3847 L.
696 3814 750 3864 p.
790 3793 926 3861 6⁴52,
967 3795 1268 3850 difficulter
1306 3795 1619 3851 sufficiebat
1656 3800 1746 3850 alt.
1784 3797 1963 3850 Madv.
2001 3800 2150 3862 coni„
2201 3799 2576 3853 Weissenborn.

179 3880 192 3949 Ι
235 3884 316 3936 18.
353 3881 582 3935 tuentis

2297 3991 2364 4045 5*
