3005 4257
755 192 976 247 LIBER
1012 192 1177 246 XLII.
1218 191 1370 245 CAP.
1410 196 1491 246 52.
1534 190 1604 258 [a.
1651 193 1710 247 U.
1750 208 1795 245 c.
1834 188 1960 258 583]
2484 194 2570 257 65

175 372 397 428 natura
428 363 643 445 frater,
695 363 1036 449 adoptione
1066 364 1249 445 filius,
1295 365 1518 445 minor,
1552 384 1740 447 quem
1770 362 2202 428 Alexandrum
2232 365 2565 446 vocabant,

174 450 479 515 naturalis
527 459 679 516 erat.
730 451 1094 517 cohortatus
1156 459 1251 517 est
1308 451 1540 517 milites
1587 450 1672 516 ad
1715 451 1980 535 bellum3
2044 451 2303 515 iniurias
2348 452 2621 535 populis

173 537 440 602 Romani
486 537 552 601 in
598 545 843 622 patrem
888 557 1083 620 seque
1130 538 1675 604 commemoravit:
1745 537 1922 601 illum
1968 537 2255 602 omnibus
2299 537 2568 620 indigni·
2595 556 2618 594 τ

170 624 405 689 tatibus
467 625 841 709 conpulsum
907 624 992 690 ad
1056 624 1512 706 rebellandum,
1571 625 1734 689 inter
1793 630 2166 708 apparatum
2224 624 2374 689 belli
2435 624 2567 689 fato

121 723 145 761 ⁵
172 730 578 795 oppressum;
650 712 734 776 ad
793 732 862 777 se
909 711 1093 776 simul
1152 711 1423 793 legatos,
1484 711 1669 776 simul
1730 711 1959 775 milites
2020 709 2105 774 ad
2164 710 2566 794 occupandas

170 796 481 863 Graeciae
548 799 736 863 urbes
808 798 1053 863 missos.
1123 798 1338 863 fallaci
1407 797 1638 863 deinde
1706 797 2042 881 conloquio
2108 817 2222 881 per
2288 797 2567 881 speciem
2594 814 2619 852 8

167 883 684 950 reconciliandae
727 885 905 970 pacis
952 892 1300 950 extractam
1344 884 1637 965 hiemem,
1685 893 1754 949 ut
1799 893 1925 949 tem
1971 904 2045 949 us
2091 883 2177 948 ad
2221 904 2565 968 conparan-

168 969 321 1034 dum
388 970 731 1058 haberent;
802 972 1125 1036 consulem
1184 986 1353 1037 nunc*
1415 972 1633 1037 venire
1702 992 1845 1035 cum
1949 971 2150 1035 uabus
2206 969 2564 1052 legionibus

167 1057 494 1138 Romanis,
543 1078 707 1142 quae
767 1058 1064 1145 sinqulae
1121 1081 1277 1123 sena
1338 1058 1537 1122 milia
1583 1059 1909 1143 peditum,
1975 1065 2263 1122 trecenos
2324 1056 2564 1138 equites

97 1157 140 1193 ¹0
167 1143 470 1225 habeant,
519 1153 582 1210 et
624 1145 762 1230 pari
808 1145 1004 1210 ferme
1050 1166 1309 1209 numero
1341 1145 1656 1210 sociorum
1701 1143 1983 1229 peditum
2015 1143 2436 1225 equitumque.
2489 1164 2565 1208 eo
2593 1160 2618 1199 9

166 1238 237 1295 ut
305 1231 619 1296 accedant
684 1252 907 1314 regum
975 1231 1230 1312 auxilia,
1300 1232 1601 1297 Eumenis
1662 1240 1725 1296 et
1783 1229 2177 1311 Masinissae,
2238 1251 2365 1294 non
2423 1230 2565 1314 plus

166 1317 450 1403 tnqinta
481 1325 724 1403 septem
754 1319 929 1383 milia
957 1319 1260 1403 peditum,
1295 1317 1421 1383 duo
1454 1319 1735 1401 equitum
1764 1318 1992 1382 futura.
2029 1316 2260 1382 auditis
2291 1315 2567 1381 hostium
2600 1333 2645 1371 ιο

167 1403 394 1488 copiis,
441 1405 827 1489 respicerent
872 1425 1054 1470 suum
1098 1405 1218 1489 ipsi
1267 1405 1630 1486 exercitum,
1700 1412 2005 1487 quantum
2047 1424 2327 1484 numero,
2375 1422 2567 1483 quan-

164 1498 303 1554 tum
351 1510 586 1572 genere
632 1492 900 1557 militum
943 1500 1338 1576 praestarent
1404 1491 1709 1557 tironibus
1775 1491 2005 1575 raptim
2064 1490 2176 1556 ad·
2206 1489 2275 1554 id
2331 1490 2567 1555 bellum

95 1589 139 1627 1⁵
167 1577 547 1662 conscriptis
569 1579 711 1663 ipsi,
737 1601 778 1643 a
799 1579 1012 1663 pueris
1037 1578 1264 1643 eruditi
1288 1579 1526 1643 artibus
1551 1577 1831 1657 militiae,
1858 1585 1951 1642 tot
1974 1577 2217 1642 subacti
2242 1584 2432 1658 atque
2453 1575 2566 1640 du-

164 1663 291 1727 rati
336 1664 539 1730 bellis.
589 1666 828 1729 auxilia
872 1666 1172 1730 Romanis
1219 1664 1435 1748 Lydos
1482 1674 1546 1730 et
1590 1665 1885 1748 Phrygas
1933 1672 1996 1729 et
2039 1663 2351 1728 Numidas
2406 1683 2565 1743 esse,
2595 1679 2642 1717 11

166 1750 292 1814 sibi
339 1749 625 1816 Thracas
671 1751 1036 1832 Gallosque,
1083 1752 1509 1817 ferocissimas
1556 1752 1856 1834 gentium.
1924 1772 2100 1815 arma
2143 1751 2287 1814 illos
2333 1750 2567 1815 habere

168 1857 268 1917 ea,
320 1855 486 1918 quae
531 1838 650 1903 sibi
682 1840 949 1920 quisque
980 1839 1298 1922 paraverit
1326 1859 1570 1923 pauper
1599 1838 1798 1918 mileS,
1846 1837 2232 1902 Macedonas
2276 1844 2569 1920 prompta

169 1943 252 1988 ex
297 1923 482 2006 regio
528 1933 857 2010 apparatu,
903 1945 1019 2009 per
1061 1932 1156 1990 tot
1186 1945 1385 1989 annos
1416 1925 1615 2010 patris
1648 1925 1743 1989 sui
1777 1945 1928 1989 cura
1972 1931 2035 1989 et
2078 1924 2345 2007 inpensa
2376 1923 2563 1987 facta.

92 2021 141 2059 20
169 2019 594 2075 commeatum
639 2012 762 2076 illis
810 2032 952 2076 cum
995 2013 1234 2096 procul,
1281 2020 1413 2076 tum
1459 2012 1748 2077 omnibus
1795 2012 1911 2075 sub
1958 2010 2208 2075 casibus
2239 2009 2566 2073 maritimis
2595 2024 2645 2063 12

165 2096 338 2178 fore3
389 2117 458 2163 se
504 2105 567 2163 et
610 2099 945 2184 pecuniam
991 2106 1054 2165 et
1099 2099 1497 2179 frumentum,
1566 2106 1819 2184 praeter
1861 2096 2101 2164 reditus
2146 2097 2563 2177 metallorum,

164 2182 229 2247 in
278 2183 504 2249 decem
571 2207 770 2252 annos
838 2187 1218 2271 seposuisse.
1288 2187 1519 2266 omnia,
1591 2207 1753 2269 quae
1822 2184 2083 2250 deorum
2146 2183 2562 2265 indulgentia,
2592 2198 2643 2238 1⁸

165 2288 333 2351 quae
380 2271 562 2354 regia
607 2293 758 2337 cura
800 2272 1243 2358 praeparanda
1286 2272 1537 2353 fuerint,
1606 2273 1797 2357 plena
1842 2271 2285 2352 cumulataque
2330 2270 2565 2335 habere

164 2356 590 2442 Macedonas;
640 2360 884 2424 animos
915 2359 1243 2425 habendos
1276 2380 1435 2440 esse,
1470 2379 1630 2441 quos
1664 2359 1997 2424 habuerint
2027 2358 2298 2423 maiores
2330 2377 2565 2438 eorum,
2594 2372 2646 2411 1⁴

498 2507 505 2524 ἶ

162 2503 688 2573 iuvenes,·'l}..(1rum
723 2507 900 2563 maior
935 2508 1226 2577 Philippus
1262 2509 1341 2561 M.
1368 2508 1563 2561 Maller
1590 2508 1730 2561 θὸτι.
1752 2510 1852 2576 yel.
1877 2507 2008 2560 Anz.
2037 2503 2197 2570 1883,
2239 2504 2345 2558 751
2382 2502 2562 2573 (duos,

164 2591 326 2646 cuius
362 2593 515 2660 paris
550 2594 839 2663 Philippus
888 2595 1107 2663 Madvig]
1143 2596 1263 2648 Em.
1299 2594 1363 2647 L.
1405 2612 1463 2663 p.
1515 2593 1652 2659 652,
1702 2594 1891 2658 Hertz,·
1950 2593 2113 2646 duos:
2167 2592 2359 2658 maior,
2398 2591 2556 2645 cujus

160 2676 273 2732 fuit
311 2696 583 2746 equorum
619 2699 764 2749 pars,
802 2682 1091 2750 Philippus
1125 2683 1340 2735 Harant
1369 2700 1425 2751 p.
1462 2680 1656 2746 250)*.
1707 2681 1715 2746 Ι
1764 2686 1813 2735 2.
1850 2680 2123 2748 iniuriam,
2159 2697 2295 2734 corr.
2332 2677 2552 2732 Cre‘vier.

166 2760 175 2830 Ι
217 2769 266 2818 3.
319 2765 879 2842 inpatremseomnem
898 2767 915 2835 ΙΙ
933 2767 1170 2835 orauit*,
1218 2770 1275 2821 in
1323 2773 1541 2836 patrem
1596 2786 1708 2835 seq.
1776 2767 2226 2821 commemoravit
2278 2768 2353 2819 ed.
2421 2766 2549 2818 Bas,

166 2853 333 2920 1531,
374 2854 433 2906 in
469 2860 687 2923 patrem
723 2851 890 2922 seque
926 2855 1257 2910 memoravit
1292 2856 1510 2908 Harant
1548 2859 1581 2909 l.
1622 2858 1655 2908 Z.
1687 2852 1696 2920 Ι
1746 2849 2567 2920 omnibusdignitationillbus*.

166 2939 178 3008 Ι
215 2944 267 2996 6.
308 2930 888 3009 deindeinconloquiO,
944 2942 1144 2995 deinde
1198 2942 1267 2995 ab
1324 2941 1630 3008 conloquio
1666 2943 1801 2994 coni.
1840 2941 2055 2992 Harant
2091 2941 2124 2991 l.
2161 2940 2194 2990 l.
2228 2937 2236 3002 Ι
2268 2940 2319 2990 8.
2371 2938 2569 2991 haber-

165 3053 540 3102 etcoss.nunc.
572 3046 581 3111 Ι
613 3052 662 3102 9.
700 3046 1125 3113 Romanisque*.
1159 3044 1167 3112 Ι
1201 3045 1454 3113 singulae
1480 3063 1615 3100 sena
1637 3045 1792 3098 milia
1826 3044 2079 3112 peditum
2115 3046 2236 3096 add.
2268 3044 2314 3095 I.
2339 3044 2402 3095 F.
2432 3043 2571 3094 Gro-

164 3137 365 3200 novius,
394 3135 548 3202 prob.
568 3134 637 3186 H.
657 3135 704 3187 I.
742 3133 963 3186 Maller*
999 3136 1059 3186 cl.
1085 3150 1201 3201 cap.
1227 3133 1318 3200 31,
1345 3132 1401 3186 2.
1434 3131 1444 3196 Ι
1475 3133 1773 3200 tricenos*,
1799 3149 1934 3185 corr.
1962 3131 2220 3198 Sz2q0nius.
2255 3127 2262 3194 Ι
2298 3132 2379 3182 10.
2403 3129 2571 3182 habe-

166 3222 319 3275 bant.
371 3219 380 3284 Ι
443 3219 930 3274 eoeutaccedant*.
998 3218 1006 3285 Ι
1078 3223 1158 3272 12.
1213 3219 1451 3287 triginta
1514 3222 1635 3272 add.
1691 3219 1760 3271 H.
1797 3219 1843 3270 I.
1881 3216 2104 3270 Maller*
2151 3215 2374 3282 (viginti
2426 3233 2567 3283 susp.

172 3308 391 3377 Madvig
426 3309 485 3360 in
520 3289 692 3373 adn).
725 3306 733 3371 Ι
768 3310 849 3360 14.
875 3306 1370 3388 praestarentdeiti
1390 3305 1405 3372 Ι,
1425 3305 1711 3360 ronibus*.
1746 3305 1753 3370 Ι
1790 3308 1869 3357 16.
1895 3303 2258 3357 belliauxilia.
2290 3301 2299 3366 Ι
2330 3302 2567 3368 Phygos.

172 3409 181 3477 Ι
224 3415 305 3466 17.
346 3412 571 3465 Tracas.
620 3411 630 3476 Ι
679 3408 1609 3478 ariimatplioshabereeaquesibi*‚
1665 3426 1819 3462 arma
1864 3408 1995 3461 illos
2047 3406 2253 3460 habere
2292 3422 2370 3472 ea,
2428 3421 2568 3470 quae

171 3500 278 3554 sibi
300 3502 379 3553 ed.
398 3499 528 3551 Bas.
551 3496 717 3552 1531.
736 3496 744 3564 Ι
765 3501 842 3551 18.
863 3498 1186 3552 Macedona.
1212 3495 1220 3563 Ι
1244 3501 1327 3550 20.
1345 3501 1677 3551 commeatu.
1710 3493 1718 3562 Ι
1750 3493 2022 3575 proculi*.
2055 3491 2064 3559 Ι
2096 3497 2178 3546 21.
2204 3497 2409 3560 preter.
2442 3489 2451 3554 Ι
2484 3492 2567 3541 22.

171 3601 612 3685 omniamquae*.
644 3601 655 3667 Ι
686 3606 771 3656 23.
790 3603 1029 3668 fuerant,
1054 3619 1191 3655 corr.
1209 3602 1412 3654 Duker.
1446 3599 1454 3665 Ι
1487 3604 1571 3652 24.
1594 3598 2567 3661 animumhoshabendumessequem‚

173 3707 384 3763 animos
420 3706 706 3761 habendos
743 3723 878 3771 esse,
936 3723 1074 3774 quos
1120 3708 1316 3760 Vahlen
1351 3706 1572 3758 Hermes
1610 3705 1757 3759 1882
1787 3723 1844 3774 p.
1883 3703 1996 3756 610
2045 3699 2315 3768 (animum
2351 3698 2432 3753 eis
2472 3691 2570 3790 [υἱεῖ

175 3792 321 3862 ideo]
360 3794 681 3848 habendum
718 3810 856 3861 esse,
896 3811 1059 3861 quem
1108 3811 1248 3863 susp.
1300 3792 1675 3859 Weissenborn,
1731 3794 1801 3862 qf.
1842 3791 1908 3843 G.
1947 3790 2187 3842 Heraeus
2224 3793 2415 3857 quaest.
2454 3787 2570 3833 ortt.

175 3881 238 3934 L.
268 3899 325 3951 p.
367 3879 487 3947 72).
2533 3881 2562 3902 f

277 4001 313 4042 L
330 3999 343 4041 i
360 3999 468 4042 viu
485 4009 510 4041 s
537 4009 652 4051 pars
682 3998 780 4040 vn.
808 3998 928 4040 fasc.
958 3998 1018 4041 Π.
1044 3998 1206 4041 Editio
1238 3997 1405 4040 maior.
2294 3979 2326 4031 5
