3005 4257
620 234 838 287 LIBER
878 234 1042 286 XLII.
1083 233 1232 286 CAP.
1272 237 1320 286 3.
1359 236 1407 284 4.
1446 236 1495 286 5.
1538 231 1607 298 [a.
1647 234 1711 286 U.
1749 250 1795 286 c.
1834 230 1960 297 581]
2547 230 2587 293 5

196 405 492 487 lariaque
553 404 783 468 Iunoni
845 402 1090 469 fierent.
1156 424 1321 486 quae
1380 403 1466 469 ad
1526 403 1904 486 religionem
1965 403 2372 487 pertinerent,
2444 420 2585 466 cnm
2618 422 2663 457 11

196 511 351 555 cura
396 490 598 573 sacta3
663 490 917 574 tegulas
961 491 1222 555 relictas
1267 491 1331 555 in
1377 512 1530 556 area
1574 490 1817 575 templi,
1886 490 2034 572 quia
2083 486 2589 573 reponendarum

196 598 385 643 nemo
448 577 684 643 artifex
742 577 900 643 inire
960 578 1270 642 rationem
1329 578 1627 660 potuerit,
1689 575 2130 661 redemptores
2195 576 2584 641 nuntiarunt.

407 664 518 728 IV.
568 665 667 728 Ex
713 664 1133 749 praetoribus,
1197 665 1304 747 qui
1365 666 1430 729 in
1491 663 1855 749 provincias
1912 665 2132 743 ierant,
2203 661 2284 725 N.
2349 661 2588 727 Fabius
2617 681 2638 717 1

142 772 169 810 ⁶
197 750 531 815 Massiliae
575 753 855 832 moritur,
906 771 1046 816 cum
1091 752 1158 815 in
1206 751 1569 817 citeriorem
1600 750 1982 834 Hispaniam
2010 749 2147 813 iret.
2196 749 2415 830 itaque
2446 767 2589 813 cum
2619 768 2642 804 2

196 837 267 903 id
311 838 669 902 nuntiatum
717 863 758 901 a
806 838 1318 903 Massiliensibus
1350 839 1590 922 legatis
1638 843 1827 915 esset,
1877 844 2137 902 senatus
2169 834 2473 914 decrevit,
2519 840 2591 898 ut

195 925 266 993 P.
315 925 551 989 Furius
599 933 661 989 et
706 925 817 989 On.
868 925 1196 1005 Servilius,
1249 925 1480 1006 quibus
1528 923 2011 1003 succedebatur,
2084 923 2249 986 inter
2295 942 2365 987 se
2412 923 2588 987 sorti-

195 1018 434 1089 rentur,
482 1019 622 1076 uter
668 1011 1025 1076 citeriorem
1071 1012 1452 1096 Hispaniam
1522 1019 1867 1096 prorogato
1927 1010 2196 1094 imperio
2256 1008 2586 1073 obtineret.
2687 1055 2690 1058 <

197 1119 338 1164 sors
386 1105 739 1183 opportuna
786 1098 922 1178 fuit,
970 1110 1043 1163 ut
1074 1101 1141 1163 P.
1177 1100 1407 1163 Furius
1439 1099 1627 1182 idem,
1673 1097 1855 1163 cuius
1888 1118 1967 1162 ea
1997 1097 2329 1181 provincia
2360 1097 2586 1174 fuerat,
2618 1112 2642 1149 3

116 1205 168 1243 10
195 1193 573 1250 remaneret.

408 1272 652 1337 Eodem
711 1290 895 1352 ann0‚
960 1292 1105 1337 cum
1166 1272 1305 1354 agri
1365 1271 1685 1354 Ligustini
1749 1280 1810 1335 et
1871 1269 2122 1350 Gallici,
2188 1269 2363 1352 quod
2423 1269 2589 1335 bello

197 1367 457 1443 captum
503 1365 659 1439 erat,
709 1359 1110 1440 aliquantum
1139 1366 1419 1438 vacaret,
1466 1367 1726 1424 senatus
1773 1357 2135 1423 consultum
2181 1364 2281 1422 est
2325 1357 2587 1436 factum,

198 1455 266 1509 ut
312 1447 369 1510 is
414 1466 571 1528 ager
600 1445 837 1511 viritim
871 1445 1279 1511 divideretur.
1337 1445 1734 1511 decemviros
1778 1445 1846 1509 in
1878 1465 2020 1508 eam
2051 1466 2183 1507 rem
2217 1465 2297 1507 ex
2329 1451 2590 1508 senatus
2618 1460 2643 1496 4

196 1532 491 1598 consulto
536 1532 781 1597 creavit
811 1532 885 1599 A.
920 1532 1157 1598 Atilius
1186 1541 1444 1617 praetor
1472 1533 1756 1597 urbanus
1787 1532 1868 1596 M.
1904 1532 2247 1597 Aemilium
2278 1530 2590 1615 Lepidum

119 1636 169 1675 1⁵
197 1619 264 1685 G.
315 1619 608 1684 Cassium
666 1619 739 1683 T.
790 1619 1133 1684 Aebutium
1194 1620 1426 1684 Carum
1488 1619 1555 1683 O.
1617 1619 2031 1683 Tremellium
2089 1620 2161 1682 P.
2227 1617 2591 1682 Cornelium

195 1707 559 1788 Cethegum
622 1705 696 1782 Q.
783 1714 846 1770 et
909 1706 979 1771 L.
1042 1706 1348 1791 Apuleios
1431 1707 1515 1770 M.
1585 1706 1934 1771 Caecilium
2001 1705 2067 1769 O.
2133 1705 2458 1770 Salonium
2518 1704 2586 1768 O.
2619 1719 2643 1756 ⁵

127 1802 135 1809 '
197 1793 567 1858 Munatium.
642 1792 994 1859 diviserunt
1054 1793 1219 1857 dena
1277 1795 1505 1877 iugera
1564 1793 1629 1856 in
1691 1793 1991 1875 singuIOS,
2065 1792 2257 1856 sociis
2319 1791 2590 1855 nominis

196 1879 407 1944 Latini
454 1886 656 1943 terna.

406 1968 533 2030 Per
577 1964 748 2031 idem
793 1972 1066 2051 tempuS,
1131 1987 1257 2049 quo
1303 1966 1463 2031 haec
1523 1967 1901 2051 agebantur,
1961 1965 2160 2048 legati
2206 1985 2289 2029 ex
2335 1961 2592 2028 Aetolia

117 2077 170 2112 20
198 2054 464 2118 Romam
511 2060 821 2118 venerunt
868 2051 949 2118 de
997 2051 1337 2119 discordiis
1387 2053 1940 2137 seditionibusque
1989 2052 2141 2131 suis,
2196 2058 2258 2115 et
2290 2051 2590 2116 Thessali

197 2141 401 2224 legati
448 2142 838 2222 nuntianteS,
892 2161 1058 2224 quae
1103 2143 1168 2205 in
1215 2141 1594 2207 Macedonia
1642 2148 2037 2224 gererentur.

404 2228 480 2292 V.
547 2229 840 2309 PerseuS,
902 2228 1141 2293 bellum
1198 2229 1328 2293 iam
1387 2229 1537 2293 vivo
1580 2236 1762 2315 patre
1831 2229 2177 2311 cogitatum
2245 2226 2311 2289 in
2377 2224 2590 2289 animo
2622 2240 2642 2276 1

194 2314 483 2395 volvens,
536 2334 758 2379 omnes
805 2333 930 2379 non
977 2322 1205 2398 gentes
1265 2316 1456 2380 modo
1504 2314 1830 2395 Graeciae,
1897 2314 2014 2379 sed
2058 2314 2351 2379 civitates
2397 2312 2590 2378 etiam

195 2401 630 2483 legationibus
689 2401 1033 2481 mittendis,
1097 2402 1461 2486 pollicendo
1525 2403 1708 2486 plura
1767 2422 1957 2483 quam
2016 2398 2416 2485 praestand0‚
2466 2399 2591 2464 sibi

114 2507 167 2546 25
196 2488 597 2552 conciliabat.
659 2485 839 2555 erant
900 2495 1115 2553 autem
1176 2509 1452 2572 magnae
1515 2489 1716 2574 partis
1776 2488 2100 2552 hominum
2159 2486 2245 2552 ad
2304 2487 2591 2551 favorem
2621 2499 2645 2536 2

193 2630 270 2678 ed.
295 2628 426 2679 Bas.
447 2626 612 2680 1531.
648 2626 656 2694 Ι
691 2631 738 2681 1.
762 2629 1068 2695 regionem.
1103 2626 1111 2693 Ι
1143 2629 1442 2697 pertinent,
1469 2628 1821 2697 pertinerent
1849 2627 2118 2679 Gitlbauer
2138 2645 2191 2694 p.
2213 2625 2341 2693 106,
2380 2627 2592 2679 Harant

190 2732 245 2782 p.
264 2712 417 2779 23.st
436 2715 796 2781 pertinebant
823 2715 891 2767 H.
913 2716 959 2766 Ι.
980 2715 1191 2769 [willer.
1227 2712 1235 2780 Ι
1267 2718 1316 2769 3.
1332 2715 1638 2783 potuerint.
1673 2711 1682 2781 Ι
1711 2715 1762 2768 4.
1780 2711 1875 2769 CH.
1903 2715 2125 2781 Fabius,
2139 2731 2274 2767 corr.
2292 2714 2554 2782 SiyoniuS.
2582 2710 2588 2779 Ι

194 2836 244 2888 5.
282 2835 382 2888 ire.
440 2832 449 2901 Ι
499 2837 548 2888 6.
585 2853 617 2888 a
651 2837 770 2888 add.
809 2839 885 2888 ed.
923 2837 1049 2888 Bas.
1088 2836 1252 2889 1531.
1311 2833 1319 2901 Ι
1374 2840 1423 2891 7.
1446 2820 2593 2904 Seruiliusquibusinhispaniamiretitaqne

193 2941 1941 3026 cumidnuntiatummassiliensibuslegatisessetsuccedebatur*
2021 2955 2029 3023 Ι
2113 2956 2522 3037 sortirentiur*.
2581 2952 2590 3022 Ι

196 3063 244 3114 9.
293 3064 357 3113 ut
393 3062 514 3112 add.
563 3061 793 3131 Pighius.
844 3060 852 3129 Ι
901 3082 953 3132 p.
993 3062 1050 3115 iu
1073 3061 1091 3127 ΙΙ
1111 3063 1276 3116 rius*.
1328 3061 1335 3129 Ι
1386 3080 1451 3116 eo
1486 3064 1796 3130 prouincia.
1860 3061 1869 3128 Ι
1933 3066 2014 3116 11.
2058 3063 2286 3116 bellum.
2337 3057 2344 3125 Ι
2398 3062 2478 3113 12.
2523 3060 2593 3112 sit

194 3147 422 3214 factum,
460 3152 545 3200 est
580 3148 791 3201 factum
829 3150 1079 3217 Kreyssiq
1119 3146 1207 3214 (de
1244 3167 1347 3202 voc.
1386 3155 1471 3203 est
1490 3160 1537 3202 et
1574 3152 1720 3203 sitin
1740 3152 1883 3203 codd.
1907 3151 2080 3203 Hilar.
2110 3167 2261 3216 saepe
2288 3149 2594 3217 permutatis

193 3233 265 3300 cf.
305 3251 434 3303 quae
470 3236 583 3286 dixi
616 3236 671 3287 in
700 3237 880 3305 praef.
920 3239 997 3289 ecl.
1037 3236 1144 3287 Hel.
1176 3255 1234 3305 p.
1272 3236 1457 3304 XVI),
1509 3237 1587 3290 sic
1624 3237 1833 3291 factum
1852 3237 2041 3289 Hartel
2072 3254 2124 3304 p.
2162 3235 2247 3301 17,
2269 3235 2479 3288 factum
2515 3236 2592 3286 ed.

193 3319 323 3372 Bas.
362 3319 528 3373 1531.
562 3318 571 3388 Ι
607 3325 685 3374 13.
707 3339 825 3376 rem
863 3326 983 3376 add.
1021 3324 1099 3376 ed.
1136 3324 1262 3375 Βαε.
1300 3321 1465 3376 1531.
1500 3320 1510 3389 Ι
1545 3327 1625 3377 15.
1665 3323 2184 3390 Ebutiumparrum,
2243 3339 2376 3373 corr.
2414 3322 2591 3389 Siqon.

193 3415 242 3458 et
300 3407 533 3473 szqlzius.
603 3404 611 3473 Ι
677 3410 735 3462 P.
797 3409 1623 3477 Corneliumoethegumqueetl.
1663 3410 1966 3479 apuleios*.
2037 3407 2044 3475 Ι
2116 3409 2193 3460 16.
2258 3402 2588 3468 Safinium!

196 3513 278 3564 17.
299 3511 541 3594 sociiis*.
586 3510 606 3578 l.
644 3516 728 3566 20.
752 3514 1682 3580 seditionibnssuisqueetthessalis
1715 3511 1724 3580 Ι
1757 3517 1839 3567 21.
1868 3531 1991 3582 qne.
2044 3510 2050 3578 Ι
2101 3494 2484 3593 gerernentur,
2522 3509 2590 3576 cf.

87 3623 97 3636 ”
198 3614 475 3669 Gitlbauer
502 3635 561 3686 p.
603 3616 685 3670 70.
719 3615 727 3683 Ι
760 3621 843 3670 22.
865 3618 974 3670 iam
1011 3618 1239 3685 bellum,
1277 3635 1413 3670 corr.
1450 3618 1670 3687 Madvig
1708 3619 1828 3671 Em.
1867 3619 1929 3671 L.
1944 3636 2001 3686 p.
2040 3615 2174 3670 620.
2209 3615 2218 3683 Ι
2250 3617 2333 3669 23.
2353 3614 2550 3668 omnis,
2584 3608 2588 3676 Ι

195 3704 279 3754 25.
318 3706 687 3770 eranttamen,
740 3708 899 3756 erant
947 3708 1133 3757 autem
1188 3704 1406 3772 Madoiy
1458 3703 1558 3774 (cf.
1606 3707 1787 3774 praef.
1820 3708 1896 3757 ed.
1945 3721 2009 3754 m.
2051 3704 2226 3757 Hilar.
2259 3722 2314 3770 p.
2351 3701 2537 3764 XVI).
2583 3695 2588 3762 Ι

194 3806 324 3855 mag
342 3786 359 3855 ΙΙ
379 3788 748 3856 naepariter*,
786 3805 1021 3854 magnae
1041 3790 1218 3856 partis
1255 3791 1523 3859 Kreyssiy,
1551 3809 1752 3859 magna
1790 3808 1859 3844 ex
1896 3793 2053 3858 parte
2091 3790 2168 3841 ed.
2207 3791 2335 3842 Bas,
2374 3786 2538 3841 1531.
2584 3781 2589 3846 Ι

195 3873 463 3930 faborem.
