3005 4257
787 211 1007 266 LIBER
1041 211 1208 265 XLII.
1247 212 1397 265 CAP.
1438 213 1530 265 32.
1573 211 1643 279 [a.
1680 212 1747 267 U.
1788 230 1831 265 c.
1871 209 1997 278 583]
2046 228 2050 233 ·
2506 215 2610 280 39’“

186 387 644 464 occupaturum
685 380 960 465 dicebat,
1007 403 1125 447 nec
1142 402 1332 466 posse
1370 382 1684 466 collegam
1732 383 1911 450 salvo
1934 383 2343 451 iureiurando
2375 406 2594 452 secum

186 465 416 531 sortiri.
461 474 818 552 praetorem
851 488 1018 550 eum,
1045 489 1123 533 ne
1153 469 1217 533 in
1248 469 1644 554 provinciam
1690 470 1828 551 iret,
1878 470 1946 534 in
1992 471 2285 537 contione
2322 473 2589 552 iurasse,
2620 492 2644 529 2

187 572 256 618 se
304 560 476 618 stato
523 556 664 620 loco
711 555 1023 637 statisque
1071 555 1297 621 diebus
1346 557 1656 622 sacrificia
1692 556 1950 638 habere,
2003 577 2166 639 quae
2214 559 2480 625 absente
2519 580 2590 625 se

184 648 357 705 recte
400 640 541 705 'fieri
585 662 713 707 non
756 650 1051 727 possent3
1101 662 1265 724 quae
1311 664 1438 708 non
1482 644 1690 726 magis
1738 645 1997 709 consule
2053 664 2243 727 quam
2297 655 2589 731 praetore
2618 664 2643 701 3

139 744 161 781 5
186 727 453 792 absente
500 736 673 794 recte
717 729 852 793 fieri
883 750 1095 814 posse,
1147 730 1202 794 si
1247 737 1506 795 senatus
1539 751 1687 812 non,
1739 730 1895 812 quid
1926 731 2080 796 velit
2124 732 2190 795 in
2228 734 2588 816 consulatu,

186 813 402 898 potius
435 833 647 896 quam,
682 817 835 899 quid
867 816 932 881 in
977 824 1276 901 praetura
1306 817 1611 883 iuraverit
1639 817 1707 882 P.
1742 818 2045 899 Licinius,
2084 817 2589 885 animadverten-

187 901 341 966 dum
391 921 534 967 esse
589 910 876 987 censeat5
933 924 1001 969 se
1047 910 1262 968 tamen
1314 904 1594 968 futurum
1637 905 1705 969 in
1750 912 2012 971 senatus
2057 913 2387 989 potestate.
2446 927 2589 972 con·
2616 925 2643 963 4

187 988 338 1053 sulti
385 995 622 1073 patres,
672 989 771 1055 cui
818 991 1219 1056 consulatum
1273 992 1549 1075 populus
1609 992 1935 1056 Romanus
1984 1012 2111 1057 non
2156 999 2477 1074 negasset,
2529 995 2590 1057 ei

185 1076 265 1140 ab
314 1095 387 1140 se
419 1076 810 1160 provinciam
843 1078 1084 1160 negari,
1119 1078 1467 1162 superbum
1497 1077 1639 1158 rati,
1675 1078 1886 1143 sortiri
1925 1079 2217 1144 consules
2247 1080 2582 1148 iusserunt.

117 1176 162 1214 10
188 1163 255 1227 P.
318 1161 564 1227 Licinio
623 1163 1020 1245 Macedonia,
1091 1162 1160 1229 C.
1207 1164 1431 1229 Cassio
1493 1165 1682 1229 Italia
1743 1166 2040 1231 obvenit„
2086 1166 2373 1249 legiones
2432 1166 2583 1233 inde
2612 1184 2637 1222 5

188 1249 397 1316 sortiti
447 1255 627 1313 sunt:
677 1249 881 1334 prima
926 1258 990 1316 et
1040 1251 1237 1316 'tertia
1281 1262 1352 1316 ut
1395 1251 1461 1314 in
1508 1249 1952 1318 Macedoniam
2009 1253 2458 1333 traicerentur„
2492 1274 2584 1319 se·

188 1335 404 1401 cunda
450 1341 515 1407 et
561 1344 787 1419 quarta
832 1344 901 1403 ut
946 1337 1011 1402 in
1056 1338 1246 1403 Italia
1290 1345 1714 1407 remanerent.

400 1475 722 1541 Dilectum
767 1477 1064 1542 consules
1110 1478 1309 1542 multo
1337 1477 1691 1559 intentiore,
1745 1497 1936 1563 quam
1967 1478 2146 1560 alias,
2198 1498 2352 1544 cura
2395 1478 2584 1544 habe·
2614 1497 2637 1535 6

187 1563 363 1627 bant.
418 1562 698 1628 Licinius
741 1569 993 1629 veteres
1048 1584 1304 1651 quoque
1365 1564 1685 1629 scribebat
1744 1565 1977 1630 milites
2024 1566 2583 1651 centurionesque3

116 1660 162 1699 15
188 1656 251 1715 et
299 1649 488 1713 multi
533 1648 863 1715 voluntate
909 1652 1166 1716 nomina
1210 1650 1464 1732 dabant,
1518 1651 1667 1734 quia
1712 1651 2064 1736 locupletes
2108 1651 2430 1732 videbant,
2481 1654 2589 1734 qui

184 1736 399 1821 priore
432 1735 846 1802 Macedonico
877 1737 1044 1802 bello
1076 1744 1185 1802 aut
1224 1737 1532 1802 adversus
1562 1738 1948 1803 Antiochum
1987 1738 2052 1802 in
2081 1737 2239 1803 Asia
2269 1739 2588 1824 stipendia

186 1823 491 1901 fecerant.
527 1843 674 1888 cum
703 1824 937 1889 tribuni
971 1824 1258 1905 militum,
1312 1824 1420 1907 qui
1445 1825 1843 1890 centuriones
1867 1827 2273 1909 scripserunt,
2316 1826 2585 1910 primum
2614 1843 2636 1882 ⁷

186 1927 510 1998 quemque
572 1909 862 1989 citarent,
908 1918 1037 1976 tres
1098 1918 1160 1976 et
1206 1911 1433 1995 viginti
1495 1912 1914 1993 centuriones,
1974 1912 2082 1994 qui
2140 1912 2378 1998 primos
2424 1914 2588 1997 pilos

404 2124 449 2176 1.
497 2086 968 2192 oppugnaturum,
1018 2082 1421 2192 occupaturum
1465 2084 1695 2190 Ernesti,
1739 2124 1952 2177 Harant
1994 2142 2049 2193 p.
2093 2121 2223 2192 241,
2266 2128 2589 2193 optaturum

185 2225 471 2279 Rubenius.
503 2225 512 2291 Ι
544 2230 594 2280 2.
640 2209 1202 2307 ᾖ.εηωεῃξθῃίῃρτο
1223 2224 1240 2293 ΙΙ
1259 2228 1504 2282 uinciam
1558 2227 1650 2298 (ef.
1692 2229 1967 2282 G'itlbauer
1993 2247 2051 2298 p.
2106 2226 2227 2293 94),
2273 2234 2588 2297 praetorem

183 2349 328 2398 eum,
384 2347 455 2383 ne
508 2330 568 2383 in
608 2331 970 2399 provinciam,
1009 2333 1080 2400 cf.
1117 2331 1308 2384 Nova‘k
1335 2351 1392 2402 p.
1431 2331 1565 2398 261,
1625 2338 1940 2399 praetorem
1999 2350 2126 2385 eum
2174 2333 2339 2399 enim,
2399 2350 2469 2386 ne
2528 2334 2586 2386 in

182 2417 538 2484 provinciam
612 2419 824 2485 Vahlen,
878 2424 1190 2486 praetorem
1259 2420 1404 2472 enim
1472 2436 1616 2485 eum,
1682 2438 1752 2474 ne
1829 2420 1888 2472 in
1959 2421 2303 2488 provinciam
2373 2421 2587 2473 Harant

178 2524 231 2574 p.
296 2504 433 2560 242.
464 2502 477 2571 Ι
508 2509 558 2561 2.
633 2506 1101 2560 contionemiuras
1131 2505 1148 2572 ΙΙ
1179 2505 1310 2561 set*.
1361 2504 1370 2573 Ι
1415 2511 1463 2560 3.
1504 2508 1862 2589 statuisque*,
1929 2510 1999 2572 cf.
2042 2509 2316 2562 Gitlbauer
2344 2527 2402 2577 p.
2441 2507 2530 2562 86.
2572 2504 2581 2575 Ι

183 2610 576 2677 queabsente*.
654 2609 662 2677 Ι
739 2613 789 2663 4.
846 2611 1427 2679 possentq.nonmagis
1452 2608 1468 2677 ΙΙ
1495 2595 1968 2678 οοηεε.ᾳιιε.ωῐ)ἶ.*
2066 2611 2074 2676 Ι
2170 2617 2218 2665 5.
2279 2612 2585 2680 possentsi-

182 2704 546 2764 senatusnon‚
594 2716 730 2752 corr.
779 2697 1000 2766 Madviq
1050 2699 1168 2751 Em.
1206 2699 1271 2753 L.
1306 2716 1363 2767 p.
1402 2696 1520 2751 638
1547 2698 1752 2767 (posse,
1798 2698 1907 2752 nisi
1944 2704 2169 2757 senatus
2207 2702 2341 2752 idem
2369 2718 2427 2768 p.
2465 2697 2582 2752 639

180 2794 227 2836 et
266 2786 323 2852 in
361 2786 438 2838 ed.
468 2802 522 2853 p.
551 2783 655 2859 ,713
694 2784 923 2851 posse.si
974 2783 1072 2850 (vel
1109 2785 1208 2837 sed
1246 2784 1313 2846 si)
1352 2789 1577 2838 senatus
1614 2802 1728 2839 non
1757 2786 2112 2838 Weissenborn
2150 2786 2205 2837 in.
2240 2788 2317 2838 ed.
2369 2786 2581 2839 Weidm.

177 2889 230 2937 p.
272 2868 431 2935 109).
464 2869 474 2936 Ι
508 2867 658 2937 quod
693 2872 1069 2926 Weissenborn.
1101 2868 1331 2938 lvellet,
1368 2872 1507 2924 velit
1536 2872 1769 2939 Made-iq,
1799 2872 1951 2940 prob.
1990 2872 2187 2924 Vahlen
2206 2874 2238 2923 l.
2266 2874 2300 2923 Z.
2323 2890 2377 2939 p.
2405 2853 2541 2926 266.
2569 2869 2578 2939 Ι

180 2977 228 3026 6.
268 2957 606 3041 quidinffifl‘,
645 2975 791 3041 quod
829 2974 886 3027 in
922 2979 1188 3042 praetura
1240 2975 1613 3028 Weissenborn.
1659 2972 1668 3041 Ι
1712 2974 2038 3027 iurauerint.
2084 2973 2093 3039 Ι
2136 2978 2184 3028 7.
2227 2982 2469 3042 censeat,
2524 2994 2582 3029 se

179 3065 368 3118 tamen
406 3060 791 3127 Weissenborn3
828 3062 898 3127 cf.
936 3064 1000 3113 de
1046 3062 1092 3113 h.
1142 3062 1176 3115 l.
1216 3062 1428 3129 Ficyner
1464 3061 1590 3113 Lex.
1637 3079 1690 3128 p.
1731 3058 1889 3112 1078.
1921 3057 1932 3126 Ι
1963 3060 2205 3114 futurus,
2239 3058 2247 3127 Ι
2279 3063 2326 3113 8.
2365 3062 2416 3114 ei
2458 3069 2580 3119 add.

179 3147 457 3217 Pluyyers,
475 3146 643 3200 Cobet.
661 3143 671 3215 Ι
690 3152 770 3201 10.
785 3147 1305 3208 MacedoniacassiO.
1329 3143 1338 3214 Ι
1361 3149 1440 3200 11.
1457 3147 1852 3215 primaetertia.
1875 3142 1884 3212 Ι
1907 3146 2432 3214 inmacaedoniam*,
2448 3148 2579 3211 <ut>

180 3234 236 3286 in
260 3232 645 3288 Macedoniam
677 3235 887 3287 Harant
900 3253 955 3303 p.
977 3233 1112 3287 242.
1142 3231 1151 3301 Ι
1185 3238 1265 3287 12.
1305 3231 1573 3301 Itali,am.l
1601 3238 1681 3288 13.
1702 3233 2581 3301 intentioremquamaliascuram,

179 3339 314 3373 corr.
366 3321 620 3390 Kreyssiy
656 3318 756 3391 (cf.
804 3321 1026 3389 Madvig]
1043 3322 1171 3373 Em
1209 3322 1273 3375 L.
1305 3338 1364 3388 p.
1404 3319 1568 3386 639).
1623 3318 1631 3387 Ι
1691 3324 1771 3373 16.
1798 3320 2249 3401 Macedoniaco.*
2295 3319 2302 3387 Ι
2344 3321 2578 3376 Anthio-

180 3439 323 3476 cum.
356 3420 366 3489 Ι
401 3426 482 3477 17.
519 3424 789 3478 ferebant.
821 3422 830 3491 Ι
864 3428 1060 3478 cumtr.
1098 3424 1216 3478 mil.
1256 3422 1713 3491 quicenturiones
1739 3421 1755 3490 ΙΙ
1782 3424 2155 3491 sedprimum*
2195 3424 2344 3489 (cum
2367 3425 2584 3478 tribuni

176 3509 421 3563 militum
457 3510 841 3578 centurioneS,
867 3512 963 3566 sed
1000 3512 1243 3580 primum
1281 3513 1358 3563 ed.
1395 3511 1526 3564 Bas.
1554 3509 1750 3578 1531),
1789 3528 1914 3563 cum
1952 3511 2160 3563 tribuni
2187 3511 2446 3578 militum,
2485 3512 2584 3579 qui

178 3595 535 3650 centuriones
573 3597 1003 3665 <scrip>serunt,
1039 3599 1282 3667 primum
1307 3597 1376 3649 H.
1403 3600 1449 3650 I.
1477 3598 1721 3664 Mami-²¹⁶,
1761 3614 1887 3650 cum
1924 3597 2138 3650 tribuni
2173 3598 2415 3651 militum
2452 3592 2583 3651 cen-

176 3682 447 3750 turiones,
487 3687 545 3736 et
578 3683 819 3750 primum
856 3685 1094 3754 Ruperti,
1133 3701 1260 3738 cum
1298 3683 1514 3738 tribuni
1549 3685 1806 3750 militum,
1848 3684 1941 3750 qui
1980 3684 2336 3738 centuriones
2374 3690 2582 3751 essent,

175 3768 419 3836 primum
457 3768 678 3838 Madviy
726 3771 845 3825 Em.
893 3772 956 3823 L.
988 3790 1045 3840 p.
1096 3770 1215 3825 639
1271 3770 1747 3837 (Weissenbornius
1802 3774 1856 3824 in
1905 3775 1984 3825 ecl.
2026 3772 2215 3823 Teubn.
2262 3773 2574 3840 Rupertium

176 3868 393 3923 secutus,
446 3858 501 3908 in
551 3857 767 3909 Weidm.
825 3860 957 3909 inter
1006 3857 1361 3911 centuriones
1399 3869 1446 3910 et
1485 3861 1584 3912 sed
1620 3861 1867 3912 lacunam
1914 3855 2052 3921 ind.)
2122 3856 2131 3919 Ι
2182 3860 2261 3912 18.
2301 3845 2732 4018 ΡΥἰῐηοφεΓ’
