3005 4257
743 166 960 219 LIBER
997 166 1163 219 XLII.
1203 166 1355 220 CAP.
1396 169 1443 219 7.
1482 168 1531 218 8.
1573 164 1642 233 [a.
1683 168 1748 222 U.
1787 184 1833 220 c.
1872 163 1998 232 581]
2533 169 2572 229 9

187 333 505 409 Statellati
550 344 907 421 pugnatum
952 336 1037 403 ad
1082 336 1387 422 oppidum
1417 336 1778 420 Carystum.
1835 357 1911 402 eo
1959 357 2027 403 se
2075 357 2344 420 magnus
2392 357 2571 403 exer-

184 423 341 488 citus
386 423 701 520 Ligurum
747 423 1118 489 contulerat.
1210 423 1413 507 primo
1483 424 1602 488 sub
1645 425 1995 489 adventum
2041 424 2123 488 M.
2173 424 2396 509 Popili
2429 444 2573 488 con-
2602 445 2626 482 4

88 514 91 517 ’
184 510 337 574 sulis
408 506 744 575 moenibus
812 530 957 575 sese
1023 510 1469 593 continebant3
1541 510 1794 591 deinde,
1865 518 2207 612 postquam
2267 510 2574 595 oppidum

184 602 701 681 oppugnaturum
746 597 1098 662 Romanum
1145 597 1507 676 cernebant,
1557 598 1881 683 progressi
1927 605 2076 662 ante
2106 604 2325 683 portas
2371 598 2573 663 aciem

136 706 159 743 5
183 689 571 749 struxerunt.
662 703 781 748 nec
841 684 1084 764 consul,
1147 692 1216 749 ut
1263 684 1370 765 qui
1416 683 1483 748 id
1529 686 1735 781 ipsum
1798 685 2275 770 oppugnatione
2321 685 2577 749 commi·
2603 703 2628 741 5

181 770 394 837 nanda
443 771 820 853 quaesisset,
867 791 1107 835 moram
1153 770 1482 836 certamini
1531 769 1702 837 fecit.
1751 780 2106 856 pugnatum
2152 771 2426 855 amplius
2457 772 2574 835 tris

181 864 274 922 est
318 856 520 922 horas
588 857 698 939 ita,
745 865 815 922 ut
863 865 1088 922 neutro
1134 856 1472 922 inclinaret
1517 878 1685 959 spes.
1779 858 1952 941 quod
1996 859 2107 923 ubi
2152 857 2372 927 consul
2417 858 2628 924 vidite

178 944 354 1008 nulla
400 950 589 1028 parte
637 945 878 1011 moveri
924 945 1227 1028 Ligurum
1275 945 1485 1028 signa,
1554 945 1829 1047 imperat
1875 945 2213 1029 equitibus,
2261 950 2331 1009 ut
2378 964 2575 1027 equos

178 1030 621 1097 conscendant
665 1051 741 1096 ac
786 1032 989 1096 tribus
1036 1032 1223 1097 simul
1270 1033 1562 1116 partibus
1607 1033 1673 1096 in
1718 1031 1959 1110 hostes,
2030 1040 2267 1114 quanto
2297 1032 2574 1095 maximo

111 1139 155 1178 ιο
180 1126 450 1201 possent
495 1118 791 1198 tumultu,
838 1115 1186 1183 incurrant.
1234 1138 1384 1219 pars
1430 1139 1668 1201 magna
1699 1119 1982 1201 equitum
2013 1119 2287 1185 mediam
2322 1118 2575 1183 traiecit
2604 1135 2626 1173 ⁷

178 1205 386 1269 aciem
452 1211 517 1269 et
574 1203 658 1270 ad
716 1212 900 1287 terga
955 1206 1376 1289 pugnantium
1445 1205 1746 1290 pervasit
1840 1205 1991 1270 inde
2051 1213 2250 1270 terror
2307 1205 2576 1270 iniectus

177 1290 558 1375 Liguribus;
628 1292 866 1357 diversi
914 1292 979 1355 in
1026 1311 1248 1357 omnes
1299 1300 1516 1376 partes
1562 1293 1883 1375 fugerunt,
1945 1292 2249 1376 perpauci
2297 1300 2466 1357 retro
2511 1292 2576 1355 in
2602 1308 2628 1347 8

180 1378 513 1464 oppidum,
565 1379 713 1459 quia
758 1379 909 1443 inde
957 1397 1027 1443 se
1072 1379 1353 1443 maxime
1401 1379 1723 1447 obiecerat
1768 1398 1983 1461 eques.
2077 1385 2140 1444 et
2183 1397 2399 1475 pugna
2442 1386 2574 1443 tam

178 1466 480 1549 pertinax
524 1466 758 1530 multos
805 1466 1251 1550 absumpserat
1298 1465 1619 1548 Ligurum,
1695 1472 1757 1531 et
1800 1466 1866 1530 in
1912 1465 2070 1548 fuga
2114 1462 2353 1562 passim
2402 1465 2574 1530 caesi

110 1571 155 1611 ιε
179 1560 347 1617 sunt.
398 1552 626 1617 decem
670 1552 849 1616 milia
893 1551 1215 1617 hominum
1246 1573 1438 1617 caesa
1467 1553 1821 1636 traduntur,
1869 1553 2141 1637 amplius
2188 1548 2576 1638 septingenti
2604 1571 2629 1608 9

177 1635 468 1725 [passim]
519 1639 707 1724 capti,
758 1640 945 1722 signa
989 1638 1291 1703 militaria
1351 1639 1555 1703 relata
1600 1639 1925 1736 octoginta
1970 1639 2117 1705 duo.
2207 1661 2324 1704 nec
2369 1639 2576 1703 incru·
2604 1656 2654 1693 10

176 1733 320 1793 enta
366 1727 643 1792 victoria
688 1723 841 1791 fuit.
888 1727 1160 1811 amplius
1196 1727 1321 1790 tria
1352 1725 1530 1791 milia
1561 1723 1833 1792 militum
1864 1726 2119 1807 amissa,
2175 1746 2317 1791 cum
2350 1725 2578 1791 ceden-

175 1813 344 1879 tibus
392 1814 640 1878 neutris
686 1835 771 1878 ex
814 1821 996 1897 parte
1043 1819 1314 1894 utraque
1359 1813 1669 1897 primores
1716 1813 2036 1878 caderent.

384 2004 569 2069 VIII.
623 2005 779 2070 Post
822 2004 989 2070 hanc
1036 2025 1320 2089 pugnam
1376 2025 1457 2069 ex
1501 2003 1759 2069 diversa
1789 2003 1946 2086 fuga
1988 2005 2055 2067 in
2101 2024 2296 2068 unum
2327 2003 2576 2068 collecti
2607 2027 2628 2063 1

107 2107 154 2148 20
181 2089 473 2175 LigureS,
551 2112 693 2158 cum
762 2092 1066 2157 maiorem
1132 2092 1332 2156 multo
1400 2098 1649 2176 partem
1718 2090 1949 2156 civium
2016 2089 2320 2156 amissam
2388 2110 2578 2172 quam

181 2197 519 2263 superesse
580 2187 910 2244 cernerent
972 2217 1055 2225 —
1117 2199 1235 2243 nec
1298 2179 1465 2243 enim
1527 2180 1671 2262 plus
1732 2179 1954 2243 decem
2021 2177 2196 2243 milia
2253 2177 2577 2242 hominum

182 2272 361 2330 erant
414 2303 490 2312 —
500 2265 945 2348 ,dediderunt
1007 2286 1170 2346 sese,
1241 2264 1402 2329 nihil
1449 2266 1709 2347 quidem
1754 2263 1848 2330 illi
1894 2265 2097 2349 pacti3
2163 2271 2631 2349 speraverant2

177 2358 411 2435 tamen,
460 2376 587 2417 non
632 2354 908 2419 atrocius
955 2373 1144 2434 quam
1179 2353 1538 2436 superiores
1585 2354 1993 2437 imperatores
2041 2352 2368 2416 consulem
2412 2351 2477 2415 in
2509 2370 2580 2416 se

182 2439 586 2504 saeviturum.
650 2447 716 2504 at
760 2440 868 2505 ille
914 2461 1089 2507 arma
1135 2440 1427 2504 omnibus
1471 2438 1732 2519 ademit,
1795 2437 2099 2538 oppidum
2145 2436 2353 2519 diruit,
2404 2438 2580 2522 ipsos
2608 2459 2633 2497 3

108 2541 156 2580 25
179 2524 477 2609 bonaque
538 2547 753 2592 eorum
820 2526 1142 2607 vendidit3
1211 2526 1586 2606 litterasque
1649 2525 1900 2591 senatui
1961 2524 2041 2589 de
2101 2525 2290 2589 rebus
2368 2525 2449 2588 ab
2510 2545 2579 2589 se

183 2613 386 2693 gestis
412 2613 606 2677 misit.
657 2632 815 2695 quas
847 2633 991 2678 oum
1022 2613 1097 2677 A.
1127 2574 1365 2677 'Atilius
1384 2613 1681 2697 praetor
1665 2634 1730 2676 ιιι
1755 2611 1928 2676 ouria
1952 2611 2286 2675 recitasset
2321 2649 2399 2658 —
2434 2630 2578 2675 nam
2608 2632 2634 2668 4

183 2700 409 2766 consul
432 2700 593 2764 alter
616 2700 981 2766 Postumius
1005 2699 1179 2783 agris
1205 2699 1744 2781 recognoscendis
1771 2698 1834 2761 in
1862 2697 2208 2781 Campania
2234 2703 2579 2780 occupatus

394 2964 440 3013 1.
469 2960 771 3027 Statellaci,
800 2961 1079 3014 Statellati
1116 2962 1193 3011 ed.
1218 2961 1348 3012 Βαε.
1391 2957 1557 3024 1531,
1599 2957 1898 3012 Statiellati
1929 2956 2198 3009 Cluverius
2237 2955 2335 3025 (cf.
2365 2956 2581 3024 Kiepert

185 3044 376 3116 Geoyr.
406 3056 514 3099 ant.
538 3065 595 3116 p.
626 3045 783 3110 400).
835 3045 842 3113 Ι
886 3050 933 3099 2.
949 3047 1230 3113 Liguram.
1281 3043 1289 3111 Ι
1338 3045 1572 3112 Popilio.
1609 3043 1616 3111 Ι
1650 3046 2175 3110 4.oppugnaturam.
2209 3040 2217 3109 Ι
2263 3043 2575 3109 cernebat}

183 3133 230 3185 6.
266 3135 533 3200 quesisse.
568 3132 575 3200 Ι
606 3135 680 3187 sic
704 3138 833 3201 cod„
859 3138 1172 3202 pugnatum
1197 3139 1282 3186 est
1302 3132 1542 3200 amplius
1562 3132 1698 3185 treis
1730 3130 1896 3184 horas
1922 3133 1999 3182 ed.
2027 3131 2155 3183 Bas.
2182 3129 2348 3195 1531,
2369 3146 2582 3197 pugna—

180 3219 300 3272 tum
326 3220 569 3287 amplius
604 3220 707 3274 tris
732 3221 896 3274 horas
922 3225 1006 3274 est
1044 3222 1241 3273 Vahlen
1273 3221 1463 3288 ephem.
1500 3217 1681 3270 Austr.
1711 3215 1871 3282 1861,
1905 3236 1961 3286 p.
1986 3216 2119 3270 258.
2155 3214 2164 3283 Ι
2195 3218 2244 3269 8.
2269 3216 2583 3283 aequitibus

184 3327 472 3391 uteoquos
506 3321 515 3389 Ι
547 3324 807 3379 9.1ιο81;ἱε.
831 3321 837 3391 Ι
865 3328 944 3378 10.
962 3307 1213 3393 possenti
1230 3324 1495 3376 tumultu.
1518 3320 1737 3388 {media
1762 3320 1768 3386 Ι
1797 3321 2124 3375 11.inectu8.
2159 3318 2167 3388 Ι
2203 3324 2283 3374 14.
2303 3321 2582 3388 peruicax,

184 3411 446 3474 pertinax
482 3412 549 3463 H.
577 3412 623 3464 Ι.
649 3412 874 3465 Μᾶἱῖεν*
899 3414 962 3464 cl.
990 3412 1070 3477 II,
1107 3411 1197 3477 40,
1239 3411 1349 3475 13,·
1388 3410 1488 3476 IV,
1527 3407 1620 3472 30,
1660 3407 1733 3472 2,·
1770 3409 1871 3470 ΙΧ,
1910 3407 2008 3473 22,
2045 3408 2116 3472 5,·
2154 3408 2342 3471 XXII,
2383 3405 2473 3472 48,
2511 3407 2581 3468 5,·

188 3494 420 3564 XXXX,
461 3497 549 3562 13,
587 3497 640 3552 6.
690 3495 699 3564 Ι
745 3502 825 3551 16.
856 3498 1062 3566 passim
1108 3501 1155 3552 Ιι.
1195 3500 1227 3550 I.
1265 3500 1361 3550 del.
1417 3496 1641 3563 IlIadviy
1680 3495 1797 3547 Em.
1855 3495 1917 3546 L.
1967 3513 2023 3563 p.
2064 3493 2200 3547 622.
2252 3491 2260 3559 Ι
2310 3511 2411 3546 nec
2461 3495 2581 3545 add.

189 3584 262 3634 ed.
300 3585 428 3637 Bas.
468 3582 632 3637 1531.
673 3583 796 3650 (nec
834 3586 1096 3638 Romanis
1131 3584 1324 3637 ΝουάΙε
1360 3579 1515 3635 ὄεεΙεέ
1544 3600 1672 3635 mus,
1722 3582 1815 3648 VI,
1854 3581 1969 3646 97).
2004 3579 2012 3647 Ι
2047 3585 2129 3633 17.
2169 3575 2577 3638 caedentibus!

194 3668 270 3721 18.
290 3671 756 3738 neutrisxparte*.
790 3668 798 3737 Ι
834 3674 913 3724 19.
939 3672 1054 3724 hac.
1089 3669 1098 3737 Ι
1129 3675 1213 3724 22.
1238 3671 1516 3724 didernnt-
1551 3667 1559 3735 Ι
1604 3672 1687 3723 23.
1713 3685 1823 3722 non
1843 3671 1888 3722 72.
1912 3671 1946 3722 l.
1968 3671 2090 3721 add.
2113 3671 2188 3720 ed.
2209 3668 2338 3719 Bas,
2364 3665 2526 3718 1531.
2572 3661 2577 3728 Ι

193 3752 503 3828 aitrocius*.
538 3770 546 3840 Ι
580 3757 787 3828 con-ss*
816 3773 948 3840 (non
968 3790 1087 3827 esse
1114 3775 1160 3826 h.
1183 3775 1214 3825 l.
1248 3774 1369 3825 add.
1399 3773 1659 3841 Hartelp.
1678 3771 1788 3837 18).
1822 3770 1830 3837 Ι
1863 3775 1944 3824 24.
1963 3770 2288 3824 seniturum.
2318 3766 2322 3834 Ι
2351 3769 2535 3821 adille.
2573 3764 2578 3831 Ι

195 3859 588 3926 oppidumruit.
622 3858 631 3925 Ι
662 3863 745 3914 25.
773 3860 982 3914 uendit.
1017 3857 1025 3923 Ι
1060 3862 1141 3911 27.
1164 3859 1773 3924 agrisecognoscendisi
1793 3856 2161 3928 {lcampania*.
