3005 4257
236 409 281 450 11

236 587 289 629 12

237 765 288 807 13

327 104 410 165 22
832 118 1060 171 LIBER
1100 119 1302 172 XLIV.
1343 118 1509 174 oAP.
1552 119 1635 172 14.
1678 118 1761 173 15.
1804 120 1876 187 [a.
1919 119 1983 173 u.
2023 136 2070 173 ο.
2111 120 2236 188 585]

328 296 666 361 maritimis
716 298 969 360 iuvetur
1029 297 1515 377 commeatibuS,
1564 298 1919 361 colendam.
1978 300 2195 379 itaque
2253 320 2398 363 cum
2445 299 2514 363 id
2575 301 2749 364 ultra

326 388 461 468 pati
501 408 628 451 non
667 393 946 468 possent,
983 387 1234 468 legatos
1273 387 1435 450 alios
1475 385 1561 448 ad
1600 388 1839 451 Persea
1878 388 1944 450 in
1976 387 2424 454 Macedoniam
2465 390 2748 470 misisse,

327 477 436 556 qui
484 477 545 541 ei
588 476 1056 554 denuntiarent,
1104 474 1374 540 Rhodiis
1414 477 1691 558 placere,
1729 496 1959 559 pacem
2000 498 2146 541 eum
2186 498 2544 560 conponere
2593 499 2746 542 cum

329 565 664 647 Romanis3
714 584 785 628 se
816 567 1086 628 Romam
1127 565 1353 627 eadem
1393 565 1755 630 nuntiatum
1796 567 2045 632 missos
2087 587 2202 648 per
2241 587 2401 648 quos
2442 568 2746 648 stetisset,

327 675 453 736 quo
503 654 711 718 minus
773 653 929 719 belli
985 653 1130 718 finis
1176 653 1371 733 fieret,
1428 655 1740 719 adversus
1798 675 1909 719 eos
1966 655 2121 736 quid
2183 656 2309 720 sibi
2368 656 2740 721 faciendum
2812 673 2839 715 5

327 751 514 824 esset,
570 743 856 808 Rhodios
913 743 1429 808 consideraturos
1489 762 1651 808 esse.
1710 765 1787 807 ne
1844 765 2011 808 nunc
2061 745 2320 826 quidem
2377 745 2541 810 haec
2598 747 2743 810 sine

326 834 772 916 indignatione
825 833 959 915 legi
1007 831 1300 896 audirive
1348 852 1542 914 posse
1591 842 1836 898 certum
1884 834 2116 918 habe03
2175 835 2324 899 inde
2382 835 2736 899 existimari

328 931 551 1006 potest,
601 923 709 1004 qui
759 922 1014 986 habitus
1063 923 1419 985 animorum
1468 923 1883 986 audientibus
1932 943 2009 986 ea
2057 924 2347 1006 patribus
2396 924 2603 991 suerit.

538 1013 676 1076 XV.
734 1011 1045 1076 Claudius
1093 1010 1252 1074 nihil
1303 1031 1676 1092 responsum
1735 1021 1955 1076 auctor
2002 1021 2113 1092 est,
2168 1021 2415 1077 tantum
2474 1022 2738 1078 senatus

327 1103 686 1166 consultum
737 1101 1096 1177 recitatum,
1148 1120 1270 1181 quo
1320 1101 1521 1165 Caras
1582 1110 1644 1165 et
1690 1101 1929 1185 Lycios
1985 1103 2227 1166 liberos
2289 1123 2432 1167 esse
2491 1104 2738 1168 iuberet
2777 1116 2833 1159 10

325 1192 600 1274 populus
675 1192 1000 1255 Romanus
1072 1190 1443 1270 litterasque
1519 1192 1842 1273 extemplo
1908 1191 1994 1254 ad
2068 1199 2403 1272 utramque
2477 1201 2736 1273 gentem

327 1279 540 1367 [sciret
578 1277 956 1365 indicatum]
998 1279 1185 1362 mitti3
1226 1298 1351 1359 qua
1391 1280 1612 1342 audita
1648 1299 1716 1343 re
1757 1280 2116 1362 principem
2156 1281 2515 1364 legationiS,
2557 1281 2735 1346 cuius

330 1368 944 1451 magniloquentiam
1003 1368 1117 1432 vix
1185 1368 1363 1431 curia
1420 1370 1615 1451 paulo
1674 1378 1822 1432 ante
1880 1379 2156 1451 ceperat,
2223 1370 2553 1436 corruisse.
2620 1371 2734 1434 alii

326 1478 706 1540 responsum
763 1477 906 1522 esse
962 1457 1239 1535 tradunt,
1306 1458 1614 1539 populum
1672 1460 2030 1522 Romanum
2088 1468 2150 1523 et
2214 1460 2530 1542 principio
2598 1461 2734 1524 eiuz

326 1544 481 1632 belli
536 1547 713 1611 haud
768 1547 957 1610 vanis
1016 1546 1378 1611 auctoribus
1436 1556 1810 1629 conpertum
1866 1547 2190 1628 habuisse,
2246 1548 2533 1613 Rhodios
2588 1570 2732 1613 cum
2774 1559 2829 1602 15

324 1638 562 1701 Perseo
601 1656 755 1719 rege
794 1637 1106 1700 adversus
1144 1657 1279 1699 rem
1315 1636 1644 1719 publicam
1683 1657 1865 1701 suam
1914 1638 2165 1701 occulta
2205 1639 2477 1701 consilia
2516 1639 2732 1715 inisse,

329 1733 408 1807 et,
455 1729 514 1790 si
558 1726 626 1790 id
686 1733 836 1790 ante
895 1726 1163 1789 dubium
1220 1724 1465 1801 fuisset,
1523 1727 1883 1808 legatorum
1941 1727 2134 1808 paulo
2193 1733 2340 1791 ante
2398 1729 2599 1792 verba
2648 1728 2731 1791 ad

327 1823 570 1880 certum
619 1815 968 1897 redegisse,
1017 1822 1078 1878 et
1117 1815 1492 1896 plerumque
1532 1815 1738 1898 ipsam
1780 1834 1848 1879 se
1888 1815 2201 1895 fraudem,
2249 1817 2504 1880 etiamsi
2549 1816 2731 1880 initio

326 1906 575 1969 cautior
622 1905 825 1984 suerit,
873 1904 1189 1986 detegere.
1240 1903 1525 1967 Rhodios
1566 1926 1734 1968 nunc
1781 1905 1849 1967 in
1897 1906 2050 1969 orbe
2100 1913 2410 1968 terrarum
2460 1906 2733 1969 arbitria

325 1995 477 2060 belli
513 1995 823 2076 pacisque
861 2013 1080 2076 agere3
1132 1993 1526 2058 Rhodiorum
1566 2003 1723 2058 nutu
1762 2014 1943 2056 arma
1980 2003 2345 2078 sumpturos
2384 1996 2731 2078 posituros·
2773 2003 2828 2045 20

325 2105 447 2167 que
494 2086 817 2150 Romanos
865 2102 1023 2149 esse.
1070 2083 1199 2147 iam
1248 2103 1374 2147 non
1435 2083 1591 2149 deos
1638 2083 1972 2148 foederum
2019 2084 2222 2162 testis
2283 2085 2399 2149 sed
2447 2085 2732 2150 Rhodios

323 2404 562 2458 insulam
602 2406 794 2471 premi,
835 2405 1054 2458 amissis
1094 2404 1385 2458 maritimis
1423 2404 1805 2473 vectigalibus
1846 2408 2015 2473 atque
2054 2404 2472 2457 commeatibus.
2514 2420 2640 2456 cum
2677 2403 2739 2456 id

325 2494 406 2547 ed.
445 2494 582 2545 Bas,
619 2494 799 2560 1531).
853 2496 859 2559 Ι
913 2494 960 2545 2.
1000 2495 1163 2562 parti.
1215 2498 1222 2559 Ι
1275 2494 1323 2546 3.
1362 2495 1535 2548 rodiS.
1589 2496 1595 2561 Ι
1646 2494 1695 2546 4.
1735 2492 2262 2564 romaniflseromam.
2298 2496 2305 2560 Ι
2348 2493 2738 2547 denuntiatum

327 2583 465 2636 coni.
510 2581 690 2635 Cobet.
724 2583 732 2647 Ι
765 2583 1145 2650 quostetisset.
1183 2585 1189 2650 Ι
1223 2585 1271 2636 5.
1302 2583 1560 2652 quissibi.
1595 2588 1603 2650 Ι
1637 2585 1687 2636 6.
1718 2583 1926 2636 rodios.
1962 2585 1969 2648 Ι
2003 2599 2072 2637 ne
2105 2582 2234 2636 add.
2266 2582 2344 2635 ed.
2377 2582 2515 2635 Bas,
2544 2585 2703 2634 1531.
2730 2587 2736 2652 Ι

327 2674 374 2727 7.
419 2672 725 2727 audireiue.
761 2673 768 2739 Ι
802 2672 851 2726 8.
891 2672 1272 2741 quiahabitus.
1308 2674 1315 2740 Ι
1353 2673 1434 2725 11.
1474 2669 2342 2742 gentemsciretindillcatummitti
2380 2671 2519 2738 (eod.
2562 2671 2744 2737 apices

329 2761 398 2813 ab
437 2761 664 2815 Hertzio
709 2778 879 2830 neque
922 2763 985 2815 in
1033 2763 1163 2816 adn.
1203 2763 1320 2815 erit.
1360 2762 1470 2829 IV,
1511 2766 1540 2813 1
1568 2779 1632 2829 p.
1672 2761 2064 2813 XXXXIIII
2103 2777 2275 2827 neque
2311 2761 2373 2812 in
2411 2760 2743 2828 eorriyendis

325 2851 432 2918 IV,
483 2854 522 2902 2
557 2869 617 2918 p.
675 2851 765 2903 VI
808 2852 1075 2905 adcurate
1121 2852 1330 2904 enotati
1374 2851 1543 2918 sunt),
1591 2856 1816 2919 gentem
1865 2850 2009 2904 mitti
2050 2850 2255 2902 Hartel
2292 2866 2353 2915 p.
2401 2853 2450 2915 7,
2500 2854 2740 2917 gentem,

323 2942 466 3007 <ut>
506 2941 672 2995 sciret
737 2941 1041 2994 iudicatum
1103 2941 1201 2996 (an
1265 2939 1655 3007 iudic.iu1n‘?*),
1724 2940 1868 2993 mitti
1924 2940 2159 3007 BIadz-iy
2203 2940 2326 2991 Em.
2376 2938 2444 2992 L.
2492 2956 2553 3006 p.
2608 2941 2739 3004 687,

326 3033 549 3097 gentem
589 3034 818 3084 senatus
857 3030 1170 3083 consultum
1211 3033 1275 3094 (S.
1305 3031 1374 3096 c.)
1413 3028 1718 3082 indicatum
1758 3029 1906 3082 mitti
1943 3028 2173 3094 Vahlen,
2212 3031 2452 3096 gentem,
2484 3030 2547 3080 ut
2575 3026 2743 3080 sciret

326 3118 387 3171 id
434 3120 732 3186 decretum,
783 3120 926 3172 mitti
975 3119 1153 3185 Koch,
1201 3123 1441 3187 gentem,
1493 3123 1550 3172 et
1596 3118 1692 3186 qui
1739 3118 1847 3172 iret
1904 3118 2265 3184 vindicatum,
2316 3116 2463 3170 mitti
2508 3116 2743 3168 Harant

318 3224 380 3275 p.
421 3211 544 3261 270
584 3210 828 3277 (gentem
866 3208 1071 3262 scirent
1108 3208 1412 3261 indicatum
1452 3208 1597 3261 mitti
1637 3208 1715 3261 ed.
1755 3209 1893 3260 Bas,
1931 3209 2092 3260 1531.
2138 3210 2144 3274 Ι
2200 3207 2283 3259 13.
2324 3206 2742 3275 magniloquen-

330 3311 755 3385 tiassuixeuriam.
800 3318 807 3380 Ι
852 3316 936 3367 14.
975 3303 1055 3383 pr.
1095 3316 1112 3376 i
1152 3320 1224 3370 et.
1269 3316 1276 3384 Ι
1323 3315 1406 3367 16.
1445 3313 1909 3385 aduernsusremp.
1962 3314 1968 3379 Ι
2010 3314 2438 3384 inllissetidante,
2479 3328 2616 3365 corr.
2658 3311 2739 3364 ed.

328 3405 462 3457 Bas.
485 3407 628 3457 1531
646 3404 836 3471 (inisse
858 3409 914 3458 et
935 3406 982 3457 si
1001 3405 1061 3458 id
1092 3405 1275 3459 adhuc
1305 3405 1441 3459 coni.
1464 3405 1516 3457 I.
1537 3404 1609 3457 F.
1635 3404 1983 3471 Gronovius).
2020 3410 2027 3472 Ι
2063 3400 2742 3472 17.1egat011rumoooulta-

331 3492 971 3564 eonsiliainissetpausslo.
997 3499 1004 3563 Ι
1034 3494 1115 3546 18.
1136 3494 1428 3562 redigisse.
1463 3497 1470 3558 Ι
1504 3492 1935 3546 initiorcautior.
1960 3492 1967 3555 Ι
1995 3491 2078 3543 19.
2100 3488 2742 3556 rhodiosnuntioinorbe,

330 3598 465 3634 corr.
503 3583 555 3635 I.
594 3584 920 3637 Perizonius
956 3584 1233 3651 (Rhodios
1270 3600 1415 3637 nunc
1452 3587 1575 3636 toto
1614 3583 1670 3635 in
1709 3582 1844 3636 orbe
1885 3581 2060 3648 Koch,
2100 3580 2273 3633 Hertz
2294 3580 2361 3645 *).
2396 3580 2404 3648 Ι
2438 3579 2523 3631 20.
2554 3593 2746 3646 agere-

331 3671 719 3740 deorumnutii,
760 3688 898 3725 corr.
933 3672 1148 3726 Crevier
1184 3674 1398 3740 (agere;
1448 3688 1640 3725 eorum
1687 3675 1825 3725 nutu
1871 3672 1925 3723 I.
1970 3670 2298 3722 Perizonius
2316 3671 2384 3734 *).
2454 3668 2462 3736 Ι
2531 3668 2613 3720 21.
2661 3683 2745 3719 ro-

333 3758 503 3826 dios!
