3005 4257
450 196 535 260 80
1057 196 1273 251 LIBER
1312 196 1479 250 xm.
1521 197 1673 249 cAP.
1711 198 1794 249 63.
1834 193 1905 262 [a.
1943 195 2008 250 U.
2048 212 2093 250 ο.
2131 191 2256 262 583]

451 374 513 433 et
581 367 840 433 arietem
908 367 1231 433 admotum
1294 387 1460 433 nunc
1528 368 1709 432 samis
1783 367 2164 453 inqentibuS,
2230 390 2403 431 nunc
2470 368 2845 434 libramento

448 454 687 538 plumbi
712 462 1046 536 gravatum
1092 455 1175 519 ad
1212 462 1442 520 terram
1470 455 1839 536 urguebant,
1888 461 1951 519 et
1996 454 2048 519 si
2096 472 2222 535 qua
2267 452 2585 519 declinare
2630 457 2847 539 nequi-

449 548 672 606 verant
717 541 926 622 ictum,
974 562 1090 627 pro
1152 541 1359 606 diruto
1418 560 1597 606 muro
1641 561 1874 605 novum
1919 541 2322 605 tumultuario
2371 560 2581 626 opere,
2611 544 2847 628 raptim

397 646 423 684 ⁵
450 648 530 692 ex
576 627 717 711 ipsa
761 627 979 692 ruinae
1018 635 1232 711 strage
1279 628 1601 711 congestis
1661 627 1852 708 saxis,
1902 628 2291 692 extruebant.
2357 647 2499 693 cum
2546 630 2843 712 operibus

449 714 675 778 lentior
741 716 1129 799 oppuynatio
1189 722 1375 795 esset,
1445 714 1652 779 scalas
1720 735 1833 799 per
1899 714 2254 799 manipulos
2322 713 2522 778 dividi
2587 724 2845 800 praetor
2872 732 2897 771 ⁵

447 801 647 881 iussit,
695 808 762 864 ut
809 820 1042 865 corona
1101 801 1379 885 undique
1439 800 1691 865 moenia
1736 801 2173 883 adgressurus,
2235 821 2311 865 eo
2364 801 2573 883 magis
2619 803 2844 869 suffec-

447 894 652 951 turam
699 887 783 951 ad
833 887 900 951 id
959 887 1422 952 multitudinem
1472 895 1667 968 ratus,
1730 887 1920 971 quod,
1970 907 2096 968 qua
2152 894 2332 971 parte
2392 888 2576 972 palus
2622 890 2843 955 urbem

395 994 419 1031 6
448 973 662 1056 cingit,
718 993 836 1039 nec
896 972 1222 1039 adtinebat
1281 974 1640 1058 oppugnari
1701 995 1817 1040 nec
1877 980 2142 1058 poterat.
2190 973 2329 1057 ipse
2376 974 2456 1038 ab
2518 995 2597 1040 ea
2640 971 2841 1060 parte,

448 1079 574 1140 qua
619 1060 782 1124 duae
826 1067 1028 1125 turres
1077 1061 1373 1143 quodque
1432 1061 1598 1126 inter
1656 1081 1764 1126 eas
1825 1061 1984 1124 muri
2031 1060 2253 1139 fuerat,
2318 1073 2667 1143 corruerat,
2714 1062 2842 1128 duo

446 1146 621 1210 milia
665 1147 931 1211 militum
984 1146 1371 1213 delectorum
1432 1147 1733 1228 admovit,
1778 1158 1852 1211 ut
1896 1146 2121 1212 eodem
2179 1154 2483 1230 tempore,
2531 1167 2656 1228 quo
2701 1149 2842 1234 ipse
2871 1168 2919 1206 ιο

446 1232 892 1299 transcendere
936 1234 1149 1298 ruinas
1195 1241 1548 1312 conaretur,
1586 1253 1893 1298 concursu
1931 1232 2233 1298 adversus
2280 1253 2348 1298 se
2380 1234 2843 1320 oppidanorum

447 1319 637 1400 facto,
671 1319 858 1384 scalis
888 1341 1093 1385 vacua
1139 1320 1576 1387 defensoribus
1614 1320 1865 1386 moenia
1898 1320 2038 1404 capi
2083 1327 2263 1404 parte
2309 1320 2524 1403 aliqua
2559 1330 2838 1405 possent.

394 1425 416 1462 τ
444 1405 617 1469 haud
648 1407 928 1488 segniter
958 1407 1260 1491 oppidani
1289 1407 1417 1472 vim
1450 1407 1584 1472 eius
1616 1428 1830 1472 arcere
1859 1414 2103 1491 parant.
2152 1427 2300 1470 nam
2345 1427 2533 1491 super
2578 1416 2843 1474 stratum

444 1492 640 1557 ruinis
686 1492 893 1558 locum
954 1493 1231 1559 fascibus
1293 1493 1488 1558 aridis
1558 1500 2012 1558 sarmentorum
2077 1493 2343 1573 iniectis,
2405 1501 2643 1559 stantes
2698 1516 2842 1560 cum

446 1578 810 1644 ardentibus
871 1579 1136 1661 facibus,
1199 1599 1579 1646 accensuros
1639 1601 1781 1645 eam
1841 1599 1909 1645 se
1971 1600 2229 1664 saepem
2286 1580 2703 1663 minabantur,
2750 1591 2838 1663 ut,
2868 1600 2915 1638 1⁵

444 1665 739 1730 incendio
782 1666 1150 1751 intersaepti
1196 1667 1277 1731 ab
1325 1667 1528 1747 hoste,
1576 1666 1849 1751 spatium
1902 1666 1987 1730 ad
2033 1666 2432 1731 obiciendum
2475 1667 2840 1734 interiorem

392 1770 418 1810 8
444 1771 691 1816 murum
733 1752 1056 1818 haberent.
1107 1752 1275 1835 quod
1314 1754 1636 1838 inceptum
1681 1774 1895 1818 eorum
1941 1753 2070 1818 fors
2102 1752 2398 1837 inpediit3
2448 1775 2596 1818 nam
2614 1762 2838 1820 'tantus

444 1846 701 1922 repente
749 1840 984 1905 effusus
1031 1848 1127 1906 est
1170 1840 1388 1921 imber,
1435 1848 1505 1905 ut
1549 1861 1666 1905 nec
1712 1839 1975 1905 accendi
2021 1839 2208 1904 facile
2261 1846 2582 1923 pateretur
2627 1849 2690 1906 et
2735 1863 2840 1907 ex-

393 1946 417 1984 9
444 1925 759 2007 tingueret
803 1946 1090 1992 accensa.
1138 1926 1355 2009 itaque
1401 1934 1464 1992 et
1508 1926 1805 1992 transitus
1850 1947 1965 2011 per
2009 1925 2311 1990 distracta
2363 1926 2672 1991 fumantia
2715 1929 2837 1992 vir-

446 2012 625 2093 gulta
667 2013 889 2096 patuit,
938 2021 1001 2078 et
1042 2015 1109 2078 in
1153 2013 1337 2078 unius
1383 2014 1506 2080 loci
1553 2012 1938 2098 praesidium
1984 2013 2271 2077 omnibus
2316 2013 2536 2094 versis,
2583 2015 2835 2080 moenia
2862 2032 2910 2070 20

369 2120 416 2157 10
446 2117 697 2180 quoque
727 2100 1009 2185 pluribus
1056 2101 1242 2166 simul
1270 2101 1554 2186 partibus
1600 2100 1789 2165 scalis
1820 2099 2166 2185 capiuntur.
2215 2099 2281 2164 in
2325 2100 2527 2186 primo
2565 2103 2835 2168 tumultu

446 2193 671 2270 captae
737 2188 908 2252 urbis
976 2189 1254 2253 seniores
1322 2188 1735 2273 inpubesque,
1805 2207 1963 2269 quos
2038 2206 2223 2252 casus
2291 2187 2512 2253 obvios
2587 2189 2832 2270 obtulit,

444 2271 682 2355 passim
728 2274 932 2356 caesi;
981 2274 1205 2338 armati
1251 2274 1315 2337 in
1360 2295 1572 2339 arcem
1616 2274 2065 2357 confugerunt3
2112 2281 2175 2339 et
2218 2282 2471 2358 postero
2520 2274 2642 2354 die,
2690 2296 2834 2340 cum

367 2380 412 2415 11
446 2359 583 2442 spei
627 2359 785 2423 nihil
836 2368 1212 2445 superesset,
1260 2360 1581 2426 deditione
1635 2360 1806 2425 facta
1851 2362 1967 2425 sub
2030 2381 2264 2425 corona
2308 2361 2654 2426 venierunt.
2704 2362 2836 2429 fue-

658 2597 703 2647 1.
741 2592 1448 2661 nunelibramentoplumbi
1498 2590 1855 2659 (libramento
1900 2592 2121 2659 plumbi
2155 2594 2233 2645 ecl.
2270 2593 2398 2645 Bas,
2440 2592 2511 2644 15
2526 2592 2634 2658 ³1),
2682 2611 2835 2648 nune

445 2680 629 2744 <saxis
665 2680 1000 2746 ingentibus,
1047 2679 1232 2742 nunc>
1286 2679 1622 2733 libramento
1675 2678 1894 2746 plumbi
1941 2678 2193 2751 Kreyssiq
2246 2677 2445 2745 (muro,
2499 2678 2835 2734 libramento

445 2766 660 2834 plumbi
695 2766 910 2818 Harant
939 2784 997 2835 p.
1016 2764 1150 2832 254,
1199 2784 1347 2819 nunc
1386 2766 1635 2834 <laqueis
1671 2767 2041 2835 excipiebant,
2060 2765 2243 2828 nunc>
2264 2764 2598 2820 libramento
2617 2766 2837 2834 plumbi

455 2855 646 2905 Vahlen
676 2853 809 2905 Phil.
834 2851 916 2919 19,
963 2852 1119 2917 156).
1152 2850 1160 2919 Ι
1192 2856 1240 2906 2.
1269 2853 2026 2936 declinarentquiauguerant
2052 2850 2438 2919 (declinarent,
2477 2852 2572 2919 qui
2596 2854 2837 2920 agebant

444 2961 522 3011 ed.
547 2960 678 3011 Bas,
703 2956 898 3025 1531),
939 2958 1214 3012 declinare
1238 2958 1606 3024 nequiverant
1627 2958 1824 3011 Vahlen
1860 2959 1893 3010 l.
1918 2959 1952 3009 l.
1985 2954 1994 3023 Ι
2027 2960 2075 3009 3.
2101 2955 2523 3037 dirutoimuro*.
2556 2956 2565 3022 Ι
2596 2955 2833 3025 ορθταθ’.

445 3058 455 3129 Ι
494 3065 545 3116 4.
583 3062 1171 3130 operibuslentioesset
1217 3062 1504 3132 (operibus
1545 3062 1890 3129 oppugnatio
1932 3061 2140 3115 lentior
2158 3066 2304 3115 esset
2329 3064 2405 3114 ed.
2447 3063 2577 3115 Bas,
2642 3060 2831 3128 1531),

445 3148 706 3216 operibus
757 3149 963 3203 lentior
1012 3149 1425 3216 (oppugnatio)
1470 3154 1617 3202 esset
1663 3150 1857 3202 Vahlen
1894 3151 1927 3201 l.
1964 3150 1999 3201 ἰ.
2050 3146 2058 3209 Ι
2105 3151 2154 3200 6.
2193 3152 2256 3200 ut
2303 3150 2400 3201 del.
2437 3149 2831 3217 Drakenborch,

444 3236 549 3304 def.
598 3236 795 3289 Vahlen
830 3237 1097 3307 Ind.,lecnt.
1134 3238 1308 3288 Berol.
1348 3234 1496 3288 1890
1533 3238 1594 3288 cl.
1632 3235 1869 3300 XXXV,
1906 3235 2001 3300 50,
2028 3234 2113 3301 11,
2151 3240 2208 3287 et
2232 3237 2361 3287 coni.
2388 3235 2577 3287 Hartel
2604 3255 2661 3303 p.
2700 3236 2791 3290 31.
2821 3232 2830 3304 Ι

444 3325 493 3375 9.
533 3322 1242 3389 duaeuttresquoqueinter.
1299 3323 1307 3386 Ι
1355 3322 1801 3375 murifueratduo
1839 3322 2009 3384 (muri
2043 3327 2336 3390 prorutum
2363 3322 2561 3390 fuerat,
2600 3324 2709 3377 duo
2738 3327 2832 3384 ed.

443 3410 573 3462 Bas,
613 3408 798 3475 1531),
835 3409 982 3461 muri
1018 3409 1199 3462 fuerat
1238 3408 1379 3465 (erat
1415 3411 1470 3461 in
1487 3409 1589 3472 ed.)
1612 3415 1915 3476 corruerat,
1955 3410 2064 3462 duo
2083 3409 2302 3475 Madvig]
2321 3410 2441 3462 Em.
2462 3409 2526 3461 L.
2556 3428 2613 3478 p.
2652 3409 2784 3463 660.
2815 3408 2827 3479 Ι

447 3497 527 3547 10.
564 3501 627 3548 ut
664 3498 784 3547 add.
823 3498 899 3547 ed.
938 3494 1251 3549 Bas.1.531.
1295 3494 1303 3561 Ι
1338 3499 1419 3547 12.
1451 3495 1637 3549 factio.
1671 3494 1679 3560 Ι
1714 3498 1795 3549 13.
1832 3493 2300 3564 oppidanit‘fieiuS.
2333 3492 2342 3561 Ι
2376 3498 2458 3548 14.
2510 3495 2777 3577 iniectais.
2818 3493 2829 3563 Ι

446 3601 526 3650 15.
545 3598 800 3652 fascibus.
852 3598 860 3662 Ι
912 3616 1258 3667 eamsesaepe
1279 3597 1365 3666 (ea
1402 3617 1460 3654 se
1492 3616 1656 3667 saepe
1675 3603 1751 3653 ecl.
1771 3601 1898 3653 Bas.
1928 3597 2116 3665 1531),
2150 3616 2269 3652 eam
2297 3615 2355 3652 se
2378 3616 2600 3665 saepem
2614 3600 2833 3667 Madviy

444 3687 476 3738 l.
515 3687 547 3736 l.
581 3683 590 3748 Ι
620 3685 1010 3738 minabanturi.
1043 3684 1051 3751 Ι
1086 3689 1166 3738 17.
1198 3687 1431 3755 inpedit.
1487 3683 1495 3752 Ι
1557 3688 1634 3738 18.
1683 3686 2317 3754 repenteestinfususest.
2373 3683 2381 3750 Ι
2436 3687 2791 3741 accendendi.
2820 3683 2829 3754 Ι

445 3774 529 3824 20.
567 3772 1031 3840 omnibusuerbis,
1069 3791 1202 3826 corr.
1241 3776 1316 3825 ed.
1344 3774 1470 3825 Bas,
1501 3771 1664 3826 1531.
1698 3771 1707 3840 Ι
1737 3778 1821 3827 21.
1848 3774 2183 3842 icapiuntur.
2216 3773 2224 3838 Ι
2257 3776 2339 3827 22.
2366 3773 2791 3842 obuiusoptulit.
2820 3769 2829 3841 Ι

444 3861 527 3910 23.
565 3858 1150 3940 passimcaissiarmati,
1211 3860 1283 3928 cf.
1348 3859 1622 3912 Gitlbauer
1675 3879 1729 3928 p.
1792 3859 1880 3912 80.
