3005 4257
438 201 478 264 2
1033 200 1255 255 LIBER
1293 201 1455 254 xnn.
1496 201 1647 255 CAP.
1691 204 1736 254 1.
1777 205 1824 254 2.
1865 199 1936 268 [a.
1973 202 2038 256 U.
2082 218 2126 254 ο.
2164 199 2289 268 581]

440 407 504 471 in
566 427 635 471 se
695 406 1044 472 honorifice
1102 427 1311 490 neque
1370 407 1628 493 publice
1687 427 1895 490 neque
1940 408 2236 493 privatim
2281 408 2523 472 factum
2559 428 2598 472 a
2642 407 2828 473 Prae-

441 493 709 559 nestinis
756 501 946 575 esset,
995 494 1367 579 priusquam
1414 495 1495 559 ab
1544 494 1748 558 Roma
1779 494 2310 577 proficisceretur,
2362 495 2606 560 litteras
2640 494 2828 559 Prae·

438 587 619 646 neste
665 581 855 660 misit,
920 587 992 645 ut
1036 581 1158 645 sibi
1205 581 1619 662 magistratus
1666 582 1920 646 obviam
1983 582 2243 662 exirent,
2315 582 2526 647 locum
2574 581 2825 666 publice

440 674 758 751 pararent,
808 668 917 732 ubi
965 666 1417 748 deverteretur,
1467 668 1893 749 iumentaque,
1945 688 2090 733 cum
2123 669 2323 733 exiret
2351 668 2519 749 inde,
2570 674 2825 753 praesto

388 771 415 811 8
443 760 676 823 essent.
724 762 873 819 ante
917 753 1087 819 hunc
1134 755 1459 820 consulem
1490 775 1677 820 nemo
1710 775 2011 837 umquam
2043 755 2234 820 sociis
2281 755 2344 819 in
2391 757 2522 820 ulla
2552 776 2620 821 re
2654 755 2828 819 oneri
2857 785 2881 819 5

387 858 413 897 9
439 847 550 906 aut
595 842 877 925 sumptui
909 841 1049 905 fuit.
1097 841 1243 906 ideo
1275 843 1687 924 magistratus
1719 843 1910 907 mulis
1940 842 2500 925 tabernaculisque
2546 848 2609 907 et
2655 842 2826 907 omni

439 928 567 993 alio
626 928 1045 993 instrumento
1105 928 1362 992 militari
1424 929 1834 1009 ornabantur,
1896 950 1976 994 ne
2036 929 2191 1009 quid
2250 929 2380 993 tale
2439 930 2830 1012 imperarent

362 1033 412 1070 10
442 1014 653 1080 sociis.
701 1015 949 1099 privata
980 1015 1261 1101 hospitia
1292 1015 1645 1095 habebant3
1681 1036 1759 1080 ea
1789 1016 2066 1100 benigne
2091 1016 2483 1098 comiterque
2508 1015 2824 1096 colebant,

440 1103 795 1184 domusque
855 1121 1072 1167 eorum
1118 1102 1360 1167 Romae
1419 1102 1783 1187 hospitibus
1841 1102 2162 1187 patebant,
2226 1102 2399 1188 apud
2460 1121 2621 1184 quos
2666 1103 2828 1186 ipsis

364 1205 413 1242 11
444 1189 690 1253 deverti
735 1208 873 1253 mos
918 1196 1112 1253 esset.
1161 1189 1379 1290 legati,
1415 1189 1524 1272 qui
1554 1196 1819 1273 repente
1848 1190 2062 1272 aliquo
2109 1189 2520 1269 mitterentur,
2572 1189 2832 1271 singula
2862 1218 2908 1253 10

441 1276 722 1340 iumenta
765 1296 885 1360 per
928 1276 1183 1377 oppida,
1232 1276 1354 1341 iter
1399 1296 1528 1357 qua
1571 1275 1940 1341 faciundum
1972 1281 2125 1356 erat,
2174 1275 2606 1361 imperabant3
2640 1276 2832 1340 aliam

364 1377 414 1416 12
443 1362 773 1447 inpensam
820 1362 976 1427 socii
1037 1363 1104 1426 in
1163 1363 1581 1446 magistratus
1629 1363 1953 1428 Romanos
2012 1384 2134 1427 non
2196 1363 2537 1428 faciebant.
2598 1362 2832 1426 iniuria

441 1449 742 1528 consulis,
789 1449 1040 1514 etiamsi
1084 1449 1275 1530 iusta,
1342 1469 1467 1514 non
1527 1458 1743 1515 tamen
1787 1450 1853 1514 in
1898 1450 2279 1534 magistratu
2327 1449 2705 1529 exercenda,
2770 1456 2834 1514 et

442 1532 765 1601 silentium
810 1536 1002 1600 nimis
1049 1543 1160 1600 aut
1203 1535 1562 1601 modestum
1607 1543 1719 1600 aut
1764 1537 2057 1601 timidum
2101 1537 2663 1602 Praenestinorum
2707 1536 2828 1614 ius,

440 1623 616 1687 velut
645 1623 912 1724 probato
943 1624 1258 1707 exempIO,
1310 1624 1792 1706 magistratibus
1838 1624 1991 1689 fecit
2022 1624 2387 1706 graviorum
2417 1624 2484 1688 in
2515 1622 2652 1688 dies
2682 1623 2832 1687 talis
2864 1650 2910 1687 15

393 1744 397 1749 ·
441 1709 695 1792 generis
739 1709 1166 1795 imperiorum.

392 1871 414 1907 1
651 1848 735 1913 ΙΙ.
784 1848 1107 1933 Principio
1151 1849 1342 1914 huius
1386 1849 1536 1914 anni
1580 1849 1796 1932 legati,
1862 1849 1972 1932 qui
2031 1849 2096 1913 in
2141 1849 2459 1914 Aetoliam
2521 1857 2583 1913 et
2630 1849 2835 1912 Mace-

396 1984 399 1987 .
447 1933 703 1998 doniam
749 1936 930 2000 missi
976 1944 1175 2016 erant,
1227 1938 1692 2017 renuntiarunt,
1740 1936 1864 2002 sibi
1911 1936 2330 2002 conveniendi
2375 1935 2549 2018 regis
2597 1935 2833 2014 Persei,

445 2041 589 2085 cum
632 2022 743 2086 alii
788 2022 1021 2088 abesse
1054 2044 1213 2104 eum,
1264 2023 1374 2087 alii
1405 2043 1672 2105 aegrum
1703 2043 1864 2104 esse,
1916 2023 2080 2089 falso
2112 2030 2467 2104 utrumque,
2501 2022 2834 2103 fingerent,

391 2130 416 2168 2
441 2117 827 2194 potestatem
873 2131 1001 2175 non
1025 2109 1281 2175 factam.
1342 2110 1535 2175 facile
1566 2118 1781 2175 tamen
1813 2111 2192 2195 apparuisse
2224 2110 2366 2191 sibi,
2399 2130 2567 2174 nunc
2601 2108 2837 2173 bellum
2866 2146 2915 2184 20

444 2198 671 2280 parari,
735 2216 854 2260 nec
900 2198 1067 2260 ultra
1115 2197 1199 2260 ad
1258 2217 1438 2260 arma
1483 2198 1575 2260 ire
1623 2197 1985 2260 dilaturum.
2058 2198 2210 2260 item
2255 2197 2322 2260 in
2367 2197 2622 2260 Aetolia
2667 2195 2836 2259 sedi-

442 2284 680 2348 tionem
725 2282 998 2364 gliscere
1043 2282 1110 2344 in
1157 2282 1312 2362 diesi,
1362 2303 1571 2365 neque
1602 2281 2068 2346 discordiarum
2100 2283 2421 2365 principes
2452 2281 2834 2344 auctoritate

391 2389 416 2428 s
444 2390 563 2436 sua
608 2370 884 2434 coerceri
932 2368 1236 2452 potuisse.
1290 2389 1436 2433 cum
1470 2369 1709 2432 bellum
1739 2368 2224 2433 Macedonicum
2276 2368 2341 2430 in
2389 2366 2834 2452 expectatione

444 2467 634 2537 esset,
705 2456 1078 2541 priusquam
1147 2454 1215 2518 id
1282 2456 1734 2539 susciperetur,
1800 2454 2096 2540 prodigia
2163 2453 2413 2538 expiari
2478 2474 2834 2539 pacemque

652 2615 695 2665 1.
734 2610 1226 2679 honorificeneque
1275 2609 1368 2677 (ne
1406 2613 1460 2664 in
1495 2609 1667 2678 eraso)
1712 2609 1721 2678 Ι
1752 2611 2008 2679 publicae
2040 2609 2049 2678 Ι
2081 2614 2129 2665 3.
2175 2611 2373 2679 exiret,
2422 2629 2559 2665 corr.
2599 2612 2774 2665 Hertz.
2825 2610 2830 2676 Ι

439 2699 713 2768 publicae.
746 2699 754 2764 Ι
785 2703 834 2753 4.
873 2704 1115 2767 pararet,
1152 2718 1288 2754 corr.
1332 2700 1508 2754 Hertz.
1541 2697 1550 2766 Ι
1582 2704 1631 2753 5.
1668 2705 1831 2763 esset,
1851 2718 1987 2754 corr.
2024 2704 2102 2753 ed.
2128 2699 2448 2753 Bas.·1531.
2481 2697 2490 2766 Ι
2524 2699 2654 2767 soci,
2692 2718 2829 2753 corr.

441 2789 518 2838 ed.
566 2785 696 2839 Bas.
735 2785 900 2843 1531.
945 2785 954 2852 Ι
997 2790 1044 2840 7.
1085 2786 1528 2842 aliostrumento.
1579 2787 1588 2856 Ι
1636 2791 1685 2842 9.
1723 2793 1872 2857 aput.
1917 2785 1926 2855 Ι
1973 2792 2051 2842 10.
2072 2788 2316 2857 aliquod.
2360 2786 2370 2855 Ι
2418 2792 2497 2841 11.
2552 2789 2834 2856 quaefaci-

441 2872 679 2944 untdum
730 2890 853 2954 (litt.
889 2895 913 2943 t
940 2890 1235 2961 perfossa).
1267 2888 1276 2957 Ι
1311 2894 1393 2946 12.
1414 2889 1717 2958 Romana!
1754 2892 1973 2958 iniuria,
2020 2894 2092 2961 cf.
2131 2892 2326 2946 Hartel
2353 2910 2410 2961 p.
2453 2896 2543 2959 14;
2579 2895 2665 2946 ira
2699 2897 2831 2946 coni.

443 2979 687 3043 Senatus,
724 2979 801 3046 cf.
839 2977 908 3029 H.
947 2978 994 3030 I.
1031 2978 1232 3030 Maller
1267 2995 1390 3031 ann.
1427 2979 1605 3032 Berol.
1646 2977 1796 3032 1889
1824 2997 1882 3048 p.
1921 2977 2027 3045 293
2064 2979 2354 3033 iracundia
2391 2979 2602 3032 Harant
2633 2998 2689 3048 p.
2715 2982 2834 3047 232,

442 3065 570 3117 inde
625 3064 708 3117 ira.
758 3065 1116 3117 Weissenborn
1157 3068 1234 3118 ed.
1278 3065 1491 3131 Teubn.‚
1540 3071 1660 3118 tum
1697 3067 1780 3120 ira
1815 3068 1951 3119 idem
1986 3069 2041 3118 in
2078 3069 2201 3119 adn.
2241 3070 2318 3120 ed.
2372 3067 2604 3130 Weidm„
2641 3065 2836 3119 Nova'lc

437 3168 493 3221 p.
529 3149 648 3204 260
686 3150 787 3214 (an
811 3152 993 3204 Livius
1026 3154 1311 3220 scripserat
1347 3151 1430 3204 ira
1465 3152 1731 3217 consulis,
1768 3153 1876 3206 etsi
1912 3170 2025 3207 non
2051 3152 2276 3220 iniusta,
2314 3168 2426 3205 non
2462 3157 2648 3205 tamen
2686 3162 2734 3204 et
2753 3171 2832 3216 ea,

445 3254 578 3306 quae
622 3255 758 3290 nunc
807 3239 1038 3306 leyimus,
1098 3241 1235 3291 notis
1282 3240 1385 3291 illis
1431 3241 1799 3310 dittoyraplziis
1847 3241 2358 3308 aberrationibusque
2403 3241 2666 3307 paulatim
2714 3250 2832 3292 orta

440 3321 668 3389 sunt?*).
703 3323 711 3388 Ι
746 3327 825 3375 14.
843 3324 1025 3377 minis.
1056 3323 1066 3391 Ι
1096 3325 1373 3377 tumidum
1391 3324 2101 3393 Penestinorumiussuuelll
2120 3330 2196 3378 ut.
2229 3324 2238 3390 Ι
2273 3329 2351 3378 17.
2372 3323 2834 3392 Macaedoniam.l

445 3412 525 3463 18.
546 3410 910 3463 conuenendi.
943 3411 952 3474 Ι
988 3413 1068 3464 19.
1106 3410 2039 3479 cumaliiabessecumaliiaegrum.l
2077 3416 2159 3467 20.
2212 3412 2663 3479 sibinonbellum,
2729 3415 2836 3468 sibi

440 3513 590 3549 nunc
625 3497 839 3550 bellum
891 3496 1247 3550 Weissenborn
1285 3499 1339 3549 in
1375 3501 1452 3550 ed.
1492 3499 1686 3550 Teubn.
1724 3497 1814 3558 (de
1850 3500 2051 3551 vocibus
2088 3515 2205 3551 non
2241 3507 2288 3550 et
2325 3515 2474 3551 nunc
2512 3501 2567 3551 in
2605 3502 2835 3569 antiquis

440 3584 589 3635 libris
615 3586 931 3653 permutatis
964 3585 1036 3653 cf.
1065 3584 1222 3650 Zinq.
1246 3585 1395 3636 Stud.
1432 3602 1495 3636 zu
1521 3585 1698 3638 Hilar.
1736 3583 1885 3638 1885
1901 3604 1957 3655 p.
1986 3584 2102 3650 67),
2140 3585 2247 3638 sibi
2268 3601 2379 3637 non
2403 3585 2596 3649 (aliis)
2621 3587 2833 3640 bellum

441 3670 631 3723 Hartel
657 3690 713 3740 p.
751 3669 841 3735 16,
882 3670 984 3724 sibi
1017 3686 1222 3722 novum
1241 3671 1455 3725 bellum
1489 3671 1762 3740 PluyqerS,
1801 3672 1907 3725 sibi
1942 3673 2152 3725 bellum
2190 3674 2267 3724 ed.
2304 3671 2435 3731 Bas,
2474 3671 2624 3725 1531
2671 3683 2718 3725 et
2755 3674 2831 3724 ed.

436 3777 512 3844 pl.
545 3772 554 3840 Ι
586 3777 668 3827 21.
689 3758 992 3840 necaultra,
1025 3791 1128 3828 nec
1160 3774 1421 3842 (regem)
1445 3775 1675 3828 ultraH.
1699 3776 1980 3829 l.Ma‘lZer*
2021 3773 2030 3842 Ι
2069 3774 2203 3842 iret!
2238 3776 2497 3843 (regem)
2530 3775 2834 3830 dilaturum

445 3877 615 3945 C'obet,
650 3883 742 3932 sed
774 3882 847 3948 cf.
884 3879 1178 3932 Hartelium
1215 3881 1248 3932 l.
1289 3882 1322 3932 l.
1355 3876 1364 3945 Ι
1394 3881 1453 3932 in
1490 3880 1768 3934 Aetoliam
1799 3878 1807 3947 Ι
1840 3883 1922 3932 22.
1963 3862 2381 3934 discereindies.
