3005 4257
711 201 929 255 LIBER
966 203 1161 256 XLIII.
1202 202 1353 256 CAP.
1395 206 1476 256 15.
1524 207 1601 256 16.
1643 221 1688 256 a.
1727 204 1792 258 U.
1831 221 1877 256 ο.
1916 201 2039 269 585]
2496 204 2576 267 19

188 410 536 492 obtigerat3
587 408 966 493 Hispaniam
1012 408 1091 472 Μ.
1144 408 1453 473 Claudius
1501 410 1858 489 Marcellus,
1909 409 2193 474 Siciliam
2244 410 2378 475 Ser.
2430 410 2577 474 Cor-

85 530 89 535 ·
189 497 396 560 nelius
441 495 765 574 Lentulus,
818 494 1181 560 Sardiniam
1228 496 1296 560 P.
1344 497 1651 560 Fonteius
1699 496 1942 580 Capite,
1994 497 2266 561 classem
2314 497 2380 562 C.
2416 498 2578 562 Mar-

189 585 323 647 cius
371 582 636 664 Figulus
683 589 819 647 erat
863 582 1139 647 sortitus
1211 585 1540 648 consulum
1589 583 1698 648 Cn.
1735 584 2003 652 Servilio
2051 584 2254 665 Italia,
2305 585 2378 661 Q.
2414 586 2578 649 Mar-

190 671 287 736 cio
334 669 709 734 Macedonia
768 670 1058 753 obvenit3
1124 670 1492 751 Latinisque
1552 671 1714 734 actis
1762 670 2036 734 Marcius
2097 671 2415 755 extemplo
2477 680 2574 736 est

136 774 161 811 ⁵
189 757 527 840 profectus.
601 755 918 841 Caepione
966 756 1195 820 deinde
1241 756 1557 821 referente
1602 757 1688 821 ad
1731 764 2040 837 senatum,
2090 778 2248 839 quas
2288 779 2365 822 ex
2393 759 2575 823 novis
2602 778 2627 815 4

189 844 550 927 legionibus
598 841 756 907 duas
808 842 1096 926 legiones
1144 863 1360 907 secum
1425 845 1487 907 in
1543 843 1816 909 Galliam
1888 843 2167 925 duceret,
2235 845 2575 910 decrevere

188 939 419 1014 patreS,
493 936 562 994 ut
630 930 696 995 C.
775 930 1095 1014 Sulpicius
1165 931 1247 993 M.
1320 929 1625 995 Claudius
1699 938 2026 1014 praetores
2096 951 2176 995 ex
2240 932 2337 1012 iis,
2414 952 2573 1013 quas

187 1018 611 1102 scripsissent,
675 1017 1049 1099 legionibuS,
1116 1036 1273 1098 quas
1326 1018 1665 1099 videretur,
1731 1019 1972 1082 consuli
2021 1018 2264 1083 darent.
2315 1019 2575 1101 indigne
2602 1041 2625 1075 5

187 1105 436 1188 patiens
490 1110 849 1188 praetorum
909 1103 1170 1168 arbitrio
1219 1105 1540 1169 consulem
1602 1105 1972 1185 subiectum,
2036 1105 2300 1170 dimisso
2348 1113 2574 1171 senatu

105 1207 157 1244 10
185 1192 270 1255 ad
315 1192 591 1257 tribunal
637 1198 1002 1274 praetorum
1050 1198 1221 1255 stans
1265 1191 1631 1273 postulavit,
1680 1212 1762 1255 ex
1807 1199 2066 1256 senatus
2128 1192 2414 1257 consulto
2470 1193 2576 1256 de-

187 1279 494 1365 stinarent
541 1279 661 1343 sibi
708 1279 866 1343 duas
914 1277 1218 1361 legiones.
1290 1285 1619 1361 praetores
1665 1279 1942 1343 consulis
1974 1281 2039 1344 in
2085 1279 2383 1362 eligendo
2413 1278 2575 1342 arbi-

184 1366 376 1429 trium
422 1366 728 1430 fecerunt.

399 1452 703 1517 Senatum
751 1452 982 1517 deinde
1051 1472 1349 1518 censores
1394 1452 1720 1535 legerunt:
1790 1450 1872 1515 M.
1923 1452 2231 1517 Aemilius
2293 1451 2573 1537 Lepidus
2602 1474 2624 1508 o

184 1542 484 1623 princeps
529 1539 611 1603 ab
643 1540 846 1604 tertiis
876 1541 1004 1602 iam
1037 1541 1407 1604 censoribus
1440 1540 1662 1604 lectus.
1734 1546 1978 1621 septem
2011 1559 2090 1602 ex
2123 1546 2349 1604 senatu
2389 1539 2573 1604 eiecti

104 1639 155 1676 1⁵
185 1634 348 1691 sunt.
419 1627 485 1690 in
533 1646 727 1690 censu
773 1626 1148 1709 accipiendo
1180 1628 1401 1711 populi
1431 1626 1669 1689 milites
1704 1646 1783 1689 ex
1815 1625 2229 1690 Macedonico
2266 1629 2570 1705 exercitu,
2602 1645 2623 1683 τ

184 1713 292 1795 qui
340 1734 527 1794 quam
575 1713 754 1777 multi
802 1714 1103 1778 abessent
1149 1714 1231 1776 ab
1278 1714 1480 1797 signis
1530 1732 1757 1777 census
1804 1712 2038 1794 docuit,
2086 1713 2150 1776 in
2182 1713 2574 1796 provinciam

183 1800 394 1864 redire
456 1801 804 1883 cogebant3
879 1819 1108 1863 causas
1156 1801 1233 1863 cle
1279 1800 1617 1884 stipendiis
1676 1800 2014 1864 missorum
2076 1801 2572 1882 cognoscebant,
2602 1820 2626 1856 8

137 1917 141 1920 ·
184 1895 249 1950 et
295 1889 473 1951 cuius
518 1887 796 1951 nondum
842 1890 1010 1951 iusta
1054 1887 1273 1952 missio
1313 1890 1452 1952 visa
1499 1894 1689 1967 esset,
1738 1887 1828 1951 ita
1875 1887 2316 1951 iusiurandum
2363 1887 2574 1968 exige-

182 1974 338 2037 bant
390 1994 508 2054 „ex
554 1974 646 2037 tui
690 1972 885 2038 animi
934 1974 1266 2055 sententia,
1337 1982 1406 2039 tu
1453 1996 1534 2039 ex
1583 1974 1793 2039 edicto
1843 1973 1910 2038 C.
1962 1973 2190 2037 Claudi
2255 1973 2352 2037 Ti.
2403 1973 2574 2038 Sem-

101 2081 154 2117 20
185 2061 369 2144 proni
416 2079 746 2125 censorum
790 2061 853 2124 in
915 2061 1308 2146 provinciam
1357 2060 1800 2127 Macedoniam
1867 2060 2124 2142 redibis,
2196 2060 2365 2143 quod
2406 2060 2575 2126 'sine

185 2146 332 2212 dolo
377 2149 545 2212 malo
591 2148 804 2213 facere
849 2149 1086 2233 poteris
1105 2147 1177 2212 ?“

392 2252 570 2316 XVI.
621 2251 696 2316 In
729 2253 1048 2333 equitibus
1082 2253 1488 2318 recensendis
1523 2253 1725 2317 tristis
1756 2251 2101 2317 admodum
2134 2273 2352 2317 eorum
2384 2259 2574 2334 atque
2605 2273 2622 2308 ι

181 2359 414 2422 aspera
459 2357 728 2404 censura
782 2340 932 2406 fuit:
1004 2342 1220 2405 multis
1290 2361 1483 2422 equos
1553 2339 1945 2404 ademerunt.
2014 2340 2080 2403 in
2151 2361 2227 2404 ea
2293 2360 2363 2405 re
2431 2360 2573 2404 cum
2602 2358 2627 2394 2

180 2432 540 2507 equestrem
572 2425 855 2491 ordinem
888 2426 1324 2509 offendissent,
1359 2427 1681 2492 flammam
1712 2426 1994 2491 invidiae
2026 2426 2321 2491 adiecere
2344 2426 2575 2507 edicto,

98 2540 150 2578 επ
182 2535 308 2596 quo
355 2513 711 2594 edixerunt,
759 2534 840 2578 ne
888 2515 1029 2596 quis
1077 2534 1310 2595 eorum,
1375 2515 1480 2597 qui
1531 2512 1605 2589 Q.
1652 2514 1878 2578 Fulvio
1924 2513 1999 2576 A.
2050 2514 2377 2578 Postumio
2438 2534 2577 2578 cen-

180 2600 432 2666 soribus
501 2600 759 2684 publica
827 2602 1177 2684 vectigalia
1237 2609 1346 2666 aut
1407 2603 1571 2665 ultro
1640 2601 1879 2665 tributa
1947 2600 2420 2681 conduxissent,
2491 2600 2575 2666 ad

393 2800 438 2850 1.
475 2798 583 2852 ser.
606 2814 670 2864 g·
710 2796 1000 2851 cornelius
1034 2793 1043 2862 Ι
1076 2800 1122 2849 3.
1172 2793 1960 2861 consulumqueseruilioitalia
1984 2794 2005 2855 ΙΙ
2031 2810 2077 2847 c.
2115 2793 2322 2875 marcio
2353 2791 2393 2858 (i
2417 2791 2576 2858 del.)-

176 2902 750 2957 macedoniaobuenit.
810 2898 819 2965 Ι
880 2904 928 2954 5.
967 2901 1212 2968 cepione.
1272 2896 1281 2965 Ι
1343 2902 1627 2954 adsenatu.
1676 2896 1684 2965 Ι
1733 2901 1782 2951 6.
1819 2898 1867 2949 i*
1910 2898 1932 2960 ΙΙ
1974 2897 2214 2964 galliam.
2247 2896 2256 2963 Ι
2289 2902 2338 2951 7.
2364 2896 2444 2964 fir.
2483 2914 2578 2950 ex-

178 2990 286 3044 his.
318 2986 328 3056 Ι
359 2992 409 3043 8.
454 2986 981 3057 qnasuiderentur.l
1025 2990 1071 3040 9.
1110 2988 1374 3055 patiente,
1430 2986 1651 3053 patiens
1689 2986 1734 3038 I.
1774 2986 1835 3038 F.
1876 2985 2168 3037 Gronovius
2222 2984 2461 3052 (patiens
2517 3002 2575 3038 se
2625 3049 2630 3054 .

179 3074 517 3144 Heusinger.)
552 3073 561 3141 Ι
594 3080 686 3129 co*
713 3075 735 3138 ΙΙ
761 3073 1691 3128 sulemsubdectumdemissosenon
1717 3073 1737 3134 11
1764 3072 1850 3125 ad.
1899 3069 1908 3137 Ι
1961 3075 2040 3124 10.
2081 3069 2229 3124 exse.
2277 3068 2286 3137 Ι
2328 3073 2408 3123 11.
2447 3087 2574 3122 con-

181 3163 609 3231 sulinelegando
644 3162 880 3226 (consuli
923 3161 980 3213 in
1024 3162 1281 3228 eligendo
1313 3163 1389 3213 ed.
1428 3162 1556 3213 Bae.
1596 3157 1789 3225 1531),
1828 3176 1961 3211 corr.
2005 3159 2050 3210 I.
2100 3159 2161 3210 F.
2214 3158 2521 3210 Gronovius
2562 3153 2569 3222 Ι

183 3273 265 3321 12.
292 3249 562 3321 fecerunt.
594 3263 603 3330 Ι
640 3268 719 3318 14.
745 3264 1508 3332 lectuseptemensenatuelec
1535 3264 1556 3325 ΙΙ
1581 3264 1775 3316 tisunt.
1801 3260 1953 3329 (vulfs.
1981 3279 2010 3314 e
2035 3265 2245 3328 senatu,
2284 3276 2354 3313 ex
2379 3263 2573 3313 senatu

182 3355 250 3408 H.
272 3353 317 3406 Ι.
340 3350 602 3417 Μϋῖῖεν*.)
637 3349 645 3417 Ι
682 3352 761 3406 15.
787 3351 1089 3404 incensum.
1121 3349 1130 3414 Ι
1166 3354 1246 3404 16.
1273 3350 1751 3418 quicquammulti.
1784 3346 1793 3415 1
1829 3353 1907 3403 17.
1939 3349 2122 3402 redire
2148 3350 2268 3400 add.
2289 3344 2569 3415 Kreyssiyl
2655 3359 2661 3364 ·

180 3440 471 3508 stipendis,
507 3439 648 3503 <de>
696 3437 987 3505 stipendiis
1026 3439 1213 3490 Hartel
1240 3457 1298 3507 p.
1341 3439 1425 3504 36,
1465 3438 1679 3489 Harant
1707 3455 1764 3506 p.
1803 3433 1936 3502 26²3,
1979 3432 2314 3503 [stipendiis]
2355 3435 2431 3485 vel
2474 3432 2572 3495 <ut

181 3527 466 3591 emeritis>
514 3525 806 3593 stipendiis
856 3526 924 3577 H.
974 3525 1020 3578 I.
1070 3526 1264 3577 Miiller
1320 3524 1640 3592 (stipendiis
1693 3523 2013 3586 (emeritis)
2066 3523 2111 3576 I.
2161 3523 2223 3575 F.
2265 3520 2570 3580 Gronov-im,

183 3615 480 3684 stipendiis
527 3614 809 3675 <nondum
859 3611 1141 3676 emeritis>
1197 3609 1449 3675 Cre'vier).
1501 3608 1509 3676 Ι
1562 3612 1642 3663 18.
1693 3609 2021 3663 iusiurandfi
2059 3609 2079 3670 ΙΙ
2117 3608 2431 3673 adigebant,
2487 3603 2573 3654 ius

182 3702 480 3755 iurandum
518 3699 818 3766 exigebant
843 3700 912 3752 H.
950 3699 996 3751 I.
1022 3699 1215 3750 Bliiller
1252 3716 1373 3749 arm.
1412 3699 1585 3749 Ber-ol.
1628 3694 1774 3748 1895
1807 3716 1859 3765 p.
1900 3694 1973 3747 6²1
2011 3695 2104 3748 et*.
2138 3693 2146 3760 Ι
2182 3698 2261 3746 19.
2303 3699 2389 3746 -t-
2431 3706 2670 3790 semssff

184 3787 365 3857 proni,
403 3805 536 3840 corr.
574 3789 650 3840 ecl.
676 3787 804 3841 Bas,
830 3784 982 3839 1535
1010 3784 1106 3855 (cf.
1137 3785 1407 3836 Gitlbauer
1427 3803 1481 3853 p.
1508 3782 1628 3848 46).
1662 3782 1669 3848 Ι
1703 3786 1785 3836 20.
1812 3787 1873 3835 οδ
1899 3783 1920 3844 11
1948 3778 2560 3849 soriaminprouinciam

191 3878 200 3945 Ι
236 3880 319 3930 22.
359 3880 494 3929 eorfi
527 3874 550 3937 ΙΙ
583 3875 778 3941 adque.
810 3874 819 3942 Ι
850 3876 934 3928 24.
972 3874 1060 3927 fla*
1097 3874 1119 3937 ΙΙ
1143 3890 1305 3926 mam.
1339 3870 1348 3938 Ι
1380 3872 1462 3925 25.
1502 3870 1708 3938 quique
1733 3870 1755 3933 ΙΙ
1779 3870 1972 3923 fuluio.
2003 3869 2013 3934 1
2046 3873 2126 3923 26.
2167 3868 2515 3923 conduxisse]

2279 3972 2343 4025 2ss
