3005 4257
722 141 942 197 LIBER
979 142 1144 195 XLII.
1185 141 1339 195 CAP.
1380 143 1463 194 56.
1502 145 1585 195 57.
1626 137 1698 207 [a.
1735 141 1801 195 U.
1841 157 1886 194 0.
1924 137 2051 206 583]
2490 141 2566 204 71

180 311 416 376 remisit
482 311 719 377 sociis.'
761 320 824 378 et
894 313 970 389 Q.
1019 312 1295 377 Marcius
1365 311 1737 376 Chalcidem
1804 311 2075 377 navibus
2127 313 2320 394 venit,
2367 313 2573 398 Alope

179 406 383 482 capta,
430 398 674 479 Larisa,
723 418 887 483 quae
934 399 1260 464 Cremaste
1306 398 1556 479 dicitur,
1605 405 1992 483 oppugnata.
2140 422 2143 425 ’

384 501 545 566 Cum
591 502 693 567 hic
724 503 966 568 status
950 524 1014 566 1n
1052 502 1319 568 Boeotia
1363 510 1551 582 esset,
1583 503 1875 580 PerseuS,
1923 523 2067 567 cum
2089 503 2175 567 ad
2221 504 2574 588 Sycurium,
2602 519 2628 559 8

177 589 338 655 sieut
399 596 548 653 ante
610 590 849 655 dictum
908 596 1024 669 est,
1087 589 1320 653 stativa
1356 587 1640 670 baberet,
1703 589 2017 655 frumento
2077 590 2358 691 undique
2405 591 2576 657 eirca

130 694 151 731 ⁵
175 697 254 741 ex
301 675 479 758 agris
513 684 839 757 convecto,
888 676 972 740 ad
1009 676 1388 741 vastandum
1434 675 1867 740 Pheraeorum
1899 700 2133 762 agrum
2164 677 2353 759 misit,
2400 686 2575 743 ratus
2601 699 2626 737 9

173 763 257 827 ad
309 762 624 828 iuvandas
678 763 993 828 sociorum
1037 763 1224 827 urbes
1269 761 1524 844 longius
1570 785 1611 827 a
1670 763 1892 829 eastris
1953 764 2306 830 abstractos
2360 764 2578 849 depre-

174 849 371 914 hendi
416 850 739 915 Romanos
784 869 995 934 posse.
1046 869 1205 932 quos
1253 870 1397 914 cum
1428 869 1506 914 eo
1551 850 1822 914 tumultu
1865 849 2020 913 nihil
2051 858 2257 916 motos
2297 851 2577 916 animad-
2605 874 2654 912 ιο

173 937 493 1017 vertisset,
553 936 834 1021 praedae
897 936 1065 1019 quod
1135 944 1270 1000 erat
1327 943 1776 1020 praeterquam
1841 935 2165 1001 hominum
2214 976 2295 985 —
2340 958 2576 1022 pecora

173 1031 404 1175 amlimll)
458 1038 755 1088 maxume
824 1023 1027 1088 omnis
1076 1022 1329 1105 generis
1397 1023 1574 1087 fuere
1620 1061 1707 1070 —
1752 1022 1968 1089 divisit
2034 1024 2119 1088 ad
2194 1025 2578 1109 epulandum

106 1129 148 1166 10
172 1110 262 1174 mi
291 1110 361 1174 ’ti
406 1129 501 1174 us.

385 1230 583 1296 LVII.
633 1232 766 1296 Sub
810 1230 983 1295 idem
1028 1230 1259 1297 deinde
1305 1237 1557 1315 tempus
1604 1231 1937 1296 consilium
1984 1239 2045 1296 et
2091 1233 2312 1298 (50118111
2359 1240 2420 1297 et
2465 1253 2578 1297 rex
2607 1256 2628 1292 ι

173 1318 557 1397 habuerunt,
624 1317 794 1384 unde
853 1318 1092 1383 bellum
1152 1317 1525 1382 ordirentur.
1595 1318 1793 1400 regiis
1864 1327 2192 1384 creverant
2235 1319 2430 1385 animi
2474 1340 2580 1384 va-
2608 1343 2631 1379 2

175 1404 454 1470 statione
487 1424 796 1470 concessa
833 1404 955 1470 sibi
991 1404 1072 1469 ab
1118 1404 1306 1469 hoste
1337 1403 1609 1469 Pheraei
1640 1405 1815 1487 agri;
1863 1405 2078 1489 itaque
2111 1406 2386 1470 eundum
2432 1406 2580 1471 inde

175 1491 264 1556 ad
323 1499 537 1556 castra
594 1512 715 1557 nec
777 1491 1057 1556 dandum
1116 1492 1282 1556 ultra
1342 1491 1617 1575 spatium
1685 1492 2024 1557 cunctandi
2086 1493 2446 1559 censebant.
2518 1501 2582 1558 et
2607 1514 2633 1553 3

104 1601 149 1639 15
174 1579 450 1643 Romani
517 1578 893 1659 sentiebant,
962 1578 1427 1643 cunctationem
1495 1598 1676 1642 suam
1742 1578 2044 1643 infamem
2134 1580 2307 1664 apud
2374 1579 2580 1645 socios

176 1685 342 1745 6886,
391 1685 687 1729 maxume
738 1664 1001 1747 indigne
1055 1664 1352 1744 ferentes,
1398 1685 1526 1729 non
1578 1665 1774 1729 latam
1819 1666 2125 1731 Pheraeis
2172 1686 2375 1751 opem.
2439 1687 2583 1731 (5011-
2607 1688 2635 1726 4

177 1752 582 1841 sultantibuS,
631 1750 784 1833 quid
830 1759 1226 1833 agerent—
1274 1716 1541 1815 aderant
1588 1759 1800 1816 autem
1846 1749 2164 1817 Eumenes
2219 1760 2282 1816 et
2328 1753 2579 1817 Attalus

176 1836 243 1903 in
306 1838 568 1904 consilio
616 1875 698 1885 —
745 1837 1031 1923 trepidus
1089 1838 1346 1903 nuntius
1414 1837 1641 1919 adfert,
1703 1838 1954 1903 hostem
2022 1858 2256 1921 magno
2324 1840 2580 1939 agmine

20 1868 27 2027 Ι
178 1924 432 1990 adesse.
483 1925 746 1990 consilio
779 1925 1041 1989 dimisso
1081 1925 1335 2008 signum
1381 1926 1700 2009 extemplo
1734 1924 1937 2006 datur,
1984 1932 2053 1989 ut
2098 1946 2274 1990 arma
2304 1926 2576 2010 capiant.
2608 1946 2635 1987 5

22 2044 27 2061 ι
106 2033 153 2072 20
180 2012 437 2077 interim
466 2013 696 2096 placet,
729 2032 810 2076 ex
841 2011 1037 2094 regiis
1069 2011 1321 2076 auxiliis
1355 2018 1608 2075 centum
1639 2012 1883 2092 equites
1917 2019 1981 2076 et
2001 2032 2223 2096 parem
2252 2032 2581 2076 numerum

182 2099 605 2178 iaculatorum
617 2099 904 2184 peditum
921 2099 1112 2165 exire.
1140 2100 1411 2165 Perseus
1428 2099 1590 2163 hora
1608 2098 1805 2164 ferme
1823 2097 1950 2164 diei
1968 2105 2211 2182 quarta,
2231 2120 2373 2164 cum
2387 2100 2579 2184 paulo
2608 2122 2633 2161 e
2651 2171 2653 2173 ,

393 2315 438 2364 1.
485 2310 782 2365 Calcidem.
833 2309 841 2376 Ι
897 2309 1547 2379 uenithalopeticacapta,
1572 2327 1707 2363 corr.
1733 2312 1811 2363 ed.
1850 2311 1979 2363 Bas.
2019 2320 2066 2363 et
2101 2311 2148 2363 Ι.
2186 2312 2248 2363 F.
2290 2310 2583 2363 Gronovius

174 2394 421 2479 (Alope),
470 2399 542 2465 cs.
595 2398 871 2451 Gitlbauer
912 2416 970 2466 p.
1009 2396 1083 2451 84
1123 2395 1373 2465 (Madviy
1408 2399 1463 2449 in
1500 2398 1625 2449 adn.
1667 2414 1809 2465 susp.
1859 2397 2016 2450 venit
2052 2397 2232 2465 Alope
2267 2396 2584 2451 Phthiotica

175 2482 379 2554 capta).
411 2481 421 2551 Ι
453 2487 502 2537 2.
540 2483 1174 2551 Darisadquecremaste.
1226 2482 1235 2548 Ι
1285 2488 1334 2538 3.
1373 2483 2088 2538 cumstatusinhisinboetia.
2132 2482 2141 2549 Ι
2186 2483 2529 2538 Succurium.
2569 2487 2579 2553 Ι

175 2577 224 2626 5.
312 2570 1076 2638 aduastandumphereorum,
1185 2570 1255 2623 ad
1349 2572 1680 2624 vastandum
1769 2587 1967 2636 agrum
2043 2571 2421 2624 Pheraeorum
2504 2574 2581 2624 ed.

174 2659 355 2711 Paris.
411 2655 578 2723 1573,
633 2657 705 2709 ad
757 2657 1086 2711 vastandum
1141 2658 1515 2710 Pheraeorum
1553 2673 1746 2724 agrum
1804 2656 2178 2723 Weissenborn,
2223 2659 2458 2725 Madviq.
2492 2656 2582 2723 16.

174 2743 528 2814 reprehendi.
579 2742 588 2807 Ι
637 2748 686 2798 7.
723 2745 942 2812 Madvig]
979 2747 1112 2797 inter
1148 2743 1633 2797 animadvertisset
1666 2753 1712 2796 et
1748 2744 2013 2811 praedam
2052 2747 2306 2813 quaedam
2341 2746 2585 2798 excidisse

169 2833 380 2902 putavit
414 2833 472 2884 in
506 2832 639 2885 hanc
658 2833 787 2901 fere
819 2832 1153 2884 sententiam.-
1192 2848 1319 2884 suos
1356 2831 1414 2882 in
1435 2835 1617 2884 castra
1632 2831 1932 2884 revocavit.
1965 2830 1974 2897 Ι
2006 2835 2054 2884 8.
2075 2831 2583 2899 praedamquidem‚

175 2918 421 2987 praedae
461 2919 611 2985 quod
657 2923 778 2972 erat
825 2919 871 2970 I.
922 2919 985 2971 F.
1027 2918 1336 2985 Gronovius,
1397 2917 1772 2985 praedamque
1818 2935 1960 2987 susp.
2023 2919 2259 2987 Madviy,
2320 2918 2584 2985 praedam

177 3022 404 3060 omnem
422 3005 637 3058 Harant
670 3024 724 3075 p.
763 3003 902 3057 252.
955 3003 964 3069 Ι
1014 3007 1062 3057 9.
1102 3005 1163 3056 F.
1203 3005 1341 3056 Ram
1378 3005 1556 3057 Jahrb.
1591 3005 1638 3066 γ’.
1679 3004 1814 3058 Phil.
1839 3004 1983 3058 1888
1994 3024 2053 3073 p.
2087 3004 2203 3058 334
2223 3015 2403 3058 contra
2422 3005 2583 3057 Mad-

180 3094 374 3161 ciqium
388 3100 511 3144 ante
523 3091 976 3145 divisitnonnulla
991 3092 1234 3143 excidisse
1247 3108 1406 3159 susp„
1438 3090 1797 3143 Weissenborn
1812 3101 1934 3159 post
1956 3091 2247 3145 militibus.
2296 3090 2302 3156 Ι
2356 3092 2581 3145 dimisit.

182 3177 192 3247 Ι
234 3178 698 3247 adaepulandum,
735 3180 831 3230 del.
872 3178 939 3230 H.
977 3179 1024 3230 Ι.
1062 3177 1256 3229 Μϋίῖεν
1292 3195 1415 3229 ann.
1454 3178 1631 3230 Berol.
1672 3176 1816 3231 1889
1855 3196 1914 3247 p.
1952 3179 2041 3231 57.
2075 3178 2082 3242 Ι
2120 3182 2200 3230 12.
2238 3178 2585 3232 bellumdiri-

181 3270 487 3319 merentur.
506 3263 514 3330 Ι
531 3264 996 3331 regiscreuerunt,
1023 3282 1155 3317 corr.
1173 3264 1390 3332 Madvig]
1415 3264 1536 3317 Em.
1561 3264 1626 3316 L.
1634 3282 1693 3333 p.
1720 3263 1836 3317 655
1854 3261 2168 3330 (creverant
2193 3268 2298 3317 iam
2329 3262 2582 3329 Cre‘vier).

186 3348 195 3420 Ι
238 3355 320 3405 13.
358 3351 660 3417 Pereiagri.
693 3350 702 3415 Ι
737 3354 818 3405 14.
857 3351 1450 3418 etromanicensebant,
1490 3354 1547 3404 et
1576 3352 1813 3405 Romani
1851 3352 2167 3406 sentiebant
2209 3351 2422 3419 Madvig]
2459 3353 2491 3403 I.
2531 3354 2582 3417 l.‚

181 3441 330 3508 prob.
372 3438 649 3491 Gitlbauer
659 3456 717 3507 p.
738 3436 864 3491 115.
899 3436 1025 3501 1'15.
1046 3437 1601 3491 cunctationemcunc
1621 3434 1638 3504 ΙΙ
1657 3456 1829 3492 8113111.
1864 3438 1873 3503 Ι
1905 3443 2038 3506 aput
2088 3440 2146 3501 (u
2182 3457 2243 3491 ex
2279 3456 2313 3494 0
2348 3434 2528 3503 corr).
2569 3435 2583 3503 Ι

189 3522 716 3606 16.1113ΙΙΧ111116161*
774 3523 1172 3592 (maximopere
1226 3526 1304 3577 ed.
1342 3525 1471 3576 Bas.
1520 3523 1679 3592 1531,
1723 3526 1996 3578 Gitlbauer
2032 3544 2090 3595 p.
2133 3524 2283 3592 110),
2323 3541 2584 3578 maxume

188 3630 407 3698 Madviy
431 3632 465 3682 l.
491 3628 570 3682 l.*.
603 3625 611 3694 Ι
642 3629 891 3683 ferentis.
924 3628 931 3693 Ι
963 3628 1377 3695 latumphereis.
1411 3627 1419 3693 Ι
1454 3629 1535 3681 18.
1556 3630 1883 3697 trepidatus.
1917 3626 1926 3694 Ι
1961 3632 2043 3683 19.
2064 3630 2335 3698 exemplo.
2367 3626 2376 3694 Ι
2408 3644 2590 3681 arma-

189 3715 837 3784 placeatinterimplacet.
887 3715 895 3780 Ι
945 3718 1027 3768 21.
1077 3716 1213 3769 hora
1262 3717 1385 3767 add.
1436 3716 1698 3780 Sicyonius.
1749 3713 1757 3782 Ι
1810 3713 2464 3797 (11131103611Π1ΙΙΡ131110*,
2512 3713 2592 3781 qf.

195 3820 465 3872 Gitlbauer
506 3836 558 3885 p.
597 3816 685 3870 88.
2483 3867 2570 3916 μ
