3005 4257
819 134 1047 188 LIBER.
1086 134 1284 189 XLIV.
1327 131 1492 187 CAP.
1534 134 1735 202 35..[a.
1775 134 1839 187 U.
1879 150 1925 187 c.
1966 134 2092 202 586]
2578 121 2661 182 53

258 321 426 379 stere
473 314 864 378 Macedonas
913 334 1039 376 non
1086 332 1292 396 posse,
1343 333 1423 375 ex
1473 318 1569 376 tot
1615 312 1898 377 castellis
1945 312 2277 393 aliquanto
2328 312 2663 378 altioribus

257 425 335 468 ac
384 403 856 480 munitioribus,
908 422 1073 482 quae
1109 401 1347 466 validis
1386 402 1730 484 praesidiis
1777 401 2184 476 insedissent,
2233 401 2445 484 priore
2494 424 2662 466 anno

258 494 563 558 deiectos.
636 493 784 556 aliis
849 493 1151 574 placebat
1216 490 1558 556 Octavium
1635 511 1777 554 cum
1854 491 2060 555 classe
2133 490 2661 556 Thessalonicam
2726 515 2752 558 8

258 592 479 665 petere
527 590 589 646 et
637 582 1051 664 populatione
1100 580 1481 645 maritumae
1531 600 1682 644 orae
1730 580 2112 662 distringere
2162 580 2383 662 copias
2429 581 2663 663 regiaS,

192 689 218 730 5
258 681 327 736 ut
376 672 579 736 altero
627 671 710 734 ab
752 681 929 752 tergo
970 690 1038 734 se
1078 670 1456 733 ostendente
1496 670 1665 732 bello
1715 669 2137 733 circumactus
2175 670 2260 733 ad
2297 670 2664 733 interiorem

256 770 508 844 partem
583 760 768 842 regni
840 759 1154 823 tuendam
1226 759 1472 822 nudare
1546 758 1769 839 aliqua
1841 766 2025 840 parte
2101 758 2411 823 transitus
2476 759 2666 842 Elpei

259 856 608 931 cogeretur.
646 849 773 931 ipsi
810 857 1044 912 natura
1091 856 1154 911 et
1200 848 1500 931 operibus
1549 846 2091 929 inexsuperabilis
2130 848 2269 930 ripa
2306 849 2667 928 videbatur,
2728 870 2755 911 9

257 946 323 1002 et
352 947 805 1021 praeterquam
846 938 1019 1018 quod
1058 945 1377 1001 tormenta
1414 936 1654 1016 ubique
1693 937 2010 1018 disposita
2048 944 2283 1017 essent,
2310 937 2664 1002 missilibus

256 1030 454 1092 etiam
503 1029 734 1092 melius
783 1035 846 1091 et
896 1028 1166 1090 certiore
1212 1027 1344 1090 ictu
1393 1025 1597 1090 hostis
1647 1027 1741 1090 uti
1789 1027 2101 1090 audierat.
2150 1026 2278 1090 alio
2328 1028 2668 1108 spectabat
2702 1047 2755 1088 ιο

165 1132 218 1173 10
251 1137 436 1184 mens
512 1125 649 1180 tota
725 1117 938 1197 ducis;
1008 1116 1401 1196 dimissoque
1476 1115 1748 1178 consilio
1813 1116 2214 1180 Perrhaebos
2279 1123 2667 1180 mercatores

257 1208 542 1271 Coenum
605 1215 667 1271 et
713 1204 1170 1288 Menophilum,
1226 1213 1418 1269 notae
1474 1205 1603 1268 iarn
1666 1205 1793 1268 sibi
1850 1213 1913 1268 et
1968 1204 2119 1268 fidei
2176 1211 2238 1268 et
2284 1205 2667 1287 prudentiae

255 1295 565 1376 homines,
614 1295 963 1360 accersitos
1003 1302 1252 1360 secreto
1290 1300 1760 1376 percunctatur,
1809 1295 2039 1375 quales
2086 1293 2172 1358 ad
2208 1294 2667 1359 Perrhaebiam

257 1387 566 1450 transitus
635 1385 782 1450 sint.
851 1404 995 1448 cum
1060 1384 1207 1447 loca
1271 1403 1399 1446 non
1466 1383 1689 1463 iniqua
1754 1402 1897 1447 esse
1955 1384 2260 1463 dicerent,
2323 1383 2666 1466 praesidiis
2703 1401 2753 1443 11

257 1483 470 1539 autem
537 1475 734 1555 regiis
800 1472 1103 1553 obsideri,
1179 1493 1359 1555 spem
1428 1473 1620 1554 cepit,
1686 1472 1742 1536 si
1809 1478 1992 1536 nocte
2056 1472 2385 1554 inproviso
2448 1472 2668 1537 valida

162 1579 218 1621 15
258 1585 452 1629 manu
490 1564 840 1646 adgressus
880 1562 1328 1645 necopinantis
1369 1569 1560 1641 esset,
1609 1561 1779 1625 deici
1827 1560 2159 1644 praesidia
2196 1581 2410 1644 posse:
2456 1562 2670 1627 iacula
2705 1580 2757 1622 12

255 1655 425 1717 enim
467 1660 529 1717 et
570 1653 848 1735 sagittas
888 1660 951 1716 et
990 1658 1204 1715 cetera
1244 1650 1519 1715 missilia
1555 1651 1624 1713 in
1663 1651 1966 1732 tenebriS,
2014 1651 2141 1730 ubi,
2192 1651 2346 1730 quid
2394 1659 2669 1733 petatur,

255 1743 481 1825 procul
537 1742 867 1824 provideri
924 1747 1220 1821 nequeat,
1284 1739 1538 1804 inutilia
1595 1760 1763 1823 esse;
1831 1740 2051 1822 gladio
2118 1741 2473 1804 comminus
2529 1741 2668 1822 geri

255 1851 390 1895 rem
440 1833 507 1894 in
555 1831 878 1913 permixta
924 1831 1131 1909 turba,
1181 1850 1305 1910 quo
1353 1829 1539 1893 miles
1585 1830 1913 1893 Romanus
1961 1830 2199 1894 vincat.
2246 1828 2348 1892 his
2395 1830 2665 1894 ducibus
2704 1846 2755 1888 13

257 1940 510 1997 usuruS,
560 1928 919 2002 praetorem
967 1918 1312 1984 Octavium
1361 1919 1767 1997 accersitum,
1817 1918 2130 2000 expositO,
2186 1918 2342 1998 quid
2388 1926 2664 2001 pararet,

161 2022 216 2063 20
256 2010 644 2074 Heracleum
696 2029 838 2072 cum
886 2010 1094 2072 classe
1142 2015 1362 2090 petere
1421 2008 1600 2072 iubet
1666 2015 1730 2071 et
1787 2007 1961 2070 mille
2016 2006 2384 2072 hominibus
2442 2009 2666 2072 decem

258 2098 507 2163 dierum
577 2103 759 2163 coct'a
824 2096 1068 2163 cibaria
1131 2097 1385 2162 habere.
1455 2097 1595 2179 ipse
1659 2098 1728 2162 P.
1786 2097 2152 2179 Scipionem
2210 2097 2537 2179 Nasicam,
2591 2098 2663 2175 Q.
2703 2112 2755 2154 14

255 2189 529 2253 Fabium
596 2188 951 2252 Maximum
1017 2188 1216 2251 filium
1283 2208 1463 2252 suum
1533 2208 1675 2252 cum
1743 2187 2024 2268 quinque
2080 2186 2336 2251 milibus
2400 2188 2667 2252 delectis

256 2279 534 2341 militum
583 2278 971 2342 Heracleum
1021 2276 1233 2349 mittit,
1291 2277 1470 2340 velut
1520 2276 1792 2341 classem
1841 2295 2301 2340 conscensuros
2351 2277 2435 2340 ad
2482 2277 2667 2339 mari-

254 2377 499 2432 tumam
559 2387 738 2429 oram
798 2366 1120 2430 interioris
1176 2365 1613 2446 Macedoniae,
1671 2365 1844 2446 quod
1901 2365 1969 2428 in
2026 2365 2291 2430 consilio
2351 2366 2668 2447 agitatum

161 2470 216 2512 25
255 2465 412 2536 erat,
470 2456 875 2520 vastandam.
943 2461 1186 2519 secreto
1243 2455 1598 2519 indicatum
1658 2454 1901 2520 cibaria
1960 2453 2060 2517 his
2124 2461 2516 2537 praeparata
2580 2455 2667 2518 ad
2702 2469 2756 2512 15

256 2546 528 2610 classem
587 2565 747 2624 esse,
804 2566 884 2608 ne
931 2545 1086 2626 quid
1144 2564 1256 2608 eos
1314 2551 1681 2608 moraretur.
1738 2544 1892 2607 inde
1948 2543 2107 2607 iussi
2165 2543 2360 2608 duces
2419 2544 2665 2608 itineris

471 2794 519 2845 2.
560 2793 1034 2863 proflprioreanno.
1069 2797 1076 2857 ί
1111 2793 1159 2845 3.
1198 2792 2203 2860 tessalonicampeteretpopulatione.
2241 2794 2247 2860 Ι
2282 2794 2331 2846 5.
2372 2794 2666 2847 ostenden·

250 2888 384 2937 tem.
419 2883 426 2949 Ι
460 2883 508 2935 6.
535 2883 954 2952 negarealiqua‚
985 2882 1055 2948 cf.
1090 2881 1386 2935 Gitlbauer
1404 2900 1464 2949 p.
1504 2887 1594 2936 77.
1629 2884 1636 2950 Ι
1670 2884 1721 2935 9.
1753 2882 2293 2951 hostisutlsaudierat.
2329 2884 2336 2950 Ι
2359 2882 2498 2949 fort.
2535 2885 2670 2948 <at>

254 2972 366 3026 alio
403 2971 577 3024 Hertz
611 2972 674 3024 in
712 2972 845 3026 adn.
883 2974 1001 3025 crit.
1044 3002 1110 3010 -—
1149 2973 1218 3039 cf.
1261 2971 1325 3023 de
1362 2971 1412 3023 h.
1456 2973 1486 3024 l.
1540 2971 1753 3023 Vahlen
1793 2972 1827 3024 l.
1869 2972 1903 3023 Ζ.
1933 2989 1994 3038 p.
2033 2974 2119 3023 12.
2189 2973 2196 3036 1
2271 2972 2352 3024 10.
2401 2970 2666 3038 perrebos

252 3061 370 3115 cod.
402 3066 450 3113 et
479 3061 559 3113 ed.
588 3061 724 3113 Bas.
752 3064 912 3129 1531,
942 3061 1253 3115 Perraebos
1284 3061 1365 3113 ed.
1395 3061 1534 3112 Bas,
1566 3062 1739 3112 1535.
1774 3061 1781 3125 Ι
1820 3060 1901 3111 11.
1932 3059 2264 3113 choenumet
2293 3057 2664 3131 mellnopilum,

251 3150 565 3205 Schoenum
603 3154 660 3204 et
697 3149 1075 3217 Menophilum
1113 3150 1194 3202 ed.
1232 3150 1373 3202 Bas.
1413 3152 1577 3214 1531,
1619 3165 1759 3202 corr.
1795 3150 1847 3200 Ι.
1885 3148 1956 3202 F.
2003 3149 2332 3202 Gronovius.
2377 3152 2384 3217 Ι
2417 3152 2665 3202 notaeet-

247 3238 684 3306 fideiiamsibiet,
723 3256 861 3293 corr.
897 3239 1176 3308 Kreyssiy.
1229 3239 1235 3305 Ι
1290 3240 1372 3291 12.
1413 3238 1746 3305 perrcbiam.
1790 3242 1797 3306 Ι
1853 3238 1937 3290 14.
1976 3237 2143 3306 regiS‚
2183 3238 2356 3306 regiis
2401 3237 2661 3301 Orouion!

250 3329 454 3396 coepit.
491 3326 1886 3398 j,ualidammanuadgresllsusualidanecopinantis.
1930 3328 1937 3393 Ι
1986 3328 2065 3379 15.
2108 3324 2285 3395 deisssi.
2328 3328 2335 3394 Ι
2383 3327 2463 3378 17.
2503 3323 2665 3394 οωιιΙῙ-

250 3417 448 3470 minus.
483 3419 490 3485 Ι
524 3418 610 3470 20.
648 3417 968 3484 heraclium,
1007 3417 1339 3471 Heracleum
1377 3417 1426 3469 I.
1466 3416 1539 3468 F.
1575 3416 1907 3482 Gronovius,
1945 3417 2017 3483 cf.
2058 3433 2178 3483 cap.
2218 3418 2272 3482 2,
2300 3418 2387 3467 12.
2422 3417 2429 3483 Ι
2462 3414 2548 3466 21.
2578 3430 2664 3466 co-

253 3505 645 3574 gnitacibaria,
685 3509 756 3575 cf.
792 3506 1086 3560 Gitlbauer
1112 3524 1172 3573 p.
1207 3509 1299 3558 84.
1344 3506 1352 3573 Ι
1395 3505 1959 3573 p.scipioscipionem.
2002 3507 2009 3571 Ι
2051 3506 2138 3557 22.
2177 3503 2666 3573 quinquedilectis-

252 3593 490 3647 militum
521 3596 784 3664 (quinque
814 3595 1046 3649 delectis
1074 3595 1298 3648 milibus
1328 3594 1410 3647 ed.
1429 3596 1570 3647 Bas,
1598 3598 1779 3662 1531),
1811 3611 1948 3647 corr.
1975 3594 2158 3646 Horta.
2194 3595 2200 3660 1
2236 3594 2320 3645 23.
2350 3592 2665 3646 heracleum

252 3683 304 3750 Ιι.
346 3684 378 3736 l.
422 3684 538 3737 cod.
601 3689 607 3750 Ι
669 3682 1025 3755 concessuros,
1088 3687 1094 3751 Ι
1155 3685 1238 3737 25.
1278 3686 1577 3738 uastanda.
1628 3685 1635 3748 1
1696 3684 1765 3736 iis
1803 3684 2054 3750 Madviy.
2119 3684 2126 3749 1
2187 3683 2270 3735 26.
2311 3681 2665 3749 nequidetus-

260 3777 592 3840 moraretur,
630 3790 700 3827 ne
739 3774 873 3841 quid
900 3791 1010 3832 ,eos
1049 3778 1356 3826 moraretur
1398 3773 1478 3825 ed.
1519 3775 1656 3825 Bas.
1695 3776 1838 3824 1531
1886 3775 1974 3837 (ne
2021 3771 2158 3838 quid
2206 3771 2310 3824 iter
2357 3774 2666 3823 moraretur
