3005 4257
762 165 981 220 LIBER
1017 166 1184 219 XLII.
1227 167 1378 220 CAP.
1416 169 1500 219 46.
1542 164 1611 233 [a.
1651 168 1715 221 U.
1755 184 1800 220 c.
1839 164 1963 233 583]
2489 166 2572 229 57

182 335 582 400 conlocutum
628 354 698 402 se
744 355 889 401 cum
934 336 1361 403 Romanorum
1404 336 1673 422 legatis3
1743 356 1907 420 quae
1953 337 2239 402 audisset
2284 332 2574 421 quaeque
2605 339 2611 346 '

181 419 468 502 dixisset,
538 420 629 486 ita
673 420 1000 507 disposita,
1070 430 1139 489 ut
1183 423 1469 510 superior
1513 423 1712 490 fuisse
1757 425 1823 489 in
1869 423 2329 509 disceptatione
2372 423 2576 495 videri

178 515 419 592 posset.
475 506 651 593 apud
694 508 979 575 Rhodios
1002 508 1203 593 legati
1247 510 1632 595 adiecerunt,
1664 510 1979 577 confidere
2008 531 2235 596 pacem
2266 510 2576 593 futuram3
2605 530 2630 567 3

16 614 25 715 Ι
178 594 547 660 auctoribus
594 594 764 660 enim
806 596 1048 662 Marcio
1093 604 1285 681 atque
1332 597 1528 662 Atilio
1574 598 1802 663 missos
1848 598 2115 663 Romam
2175 597 2446 680 legatos.
2525 597 2579 663 si

107 713 130 752 5
176 688 518 766 pergerent
548 682 818 747 Romani
847 690 1067 748 contra
1097 683 1323 769 foedus
1356 705 1612 751 movere
1642 684 1897 765 bellum,
1943 691 2078 749 tum
2122 684 2294 749 omni
2347 684 2577 767 gratia,

176 768 351 832 omni
396 788 519 854 ope
550 768 913 834 enitendum
944 769 1083 835 fore
1130 770 1418 851 Rhodiis,
1465 778 1535 837 ut
1577 770 1987 838 reconcilient
2014 791 2273 856 pacem;
2331 771 2387 836 si
2416 770 2579 835 nihil
2605 790 2632 827 4

174 853 581 940 deprecando
646 855 995 941 proficiant,
1065 856 1133 921 id
1192 857 1533 940 agendum,
1594 879 1676 923 nc
1737 858 2016 925 omnium
2073 878 2282 922 rerum
2341 857 2439 922 ius
2500 878 2576 922 ac

172 948 461 1026 potestas
505 940 593 1007 ad
620 962 814 1008 unum
844 944 1148 1029 populum
1176 945 1524 1029 perveniat.
1589 964 1733 1010 cum
1764 951 2117 1011 ceterorum
2146 944 2214 1008 id
2244 944 2573 1023 interesse,

171 1036 309 1093 tum
353 1027 695 1113 praecipue
726 1027 1137 1111 Rhodiorum,
1193 1051 1316 1112 quo
1361 1031 1507 1116 plus
1552 1031 1718 1096 inter
1746 1032 1908 1096 alias
1940 1031 2230 1096 civitates
2262 1030 2574 1114 dignitate

103 1116 145 1156 1⁰
181 1122 379 1199 atque
426 1114 652 1200 opibus
699 1117 1043 1200 excellant3
1101 1137 1264 1199 quae
1310 1138 1497 1183 serva
1541 1125 1732 1200 atque
1764 1117 2039 1184 obnoxia
2069 1118 2224 1198 fore,
2278 1118 2335 1183 si
2362 1117 2574 1182 nullus

168 1201 300 1266 alio
347 1200 433 1265 sit
477 1221 667 1284 quam
711 1202 795 1266 ad
841 1204 1161 1269 Romanos
1206 1212 1553 1289 respectus.
1610 1205 1820 1288 magis
1867 1212 1931 1270 et
1975 1203 2223 1268 litterae
2270 1211 2333 1268 et
2377 1204 2574 1268 verba
2600 1219 2625 1259 ⁵

170 1288 532 1371 legatorum
574 1288 851 1372 benigne
900 1297 1046 1355 sunt
1090 1289 1327 1372 audita,
1399 1312 1590 1374 quam
1649 1298 2035 1356 momentum
2093 1290 2177 1355 ad
2238 1289 2573 1355 mutandos

167 1375 421 1440 animos
467 1374 856 1459 habuerunt3
927 1377 1243 1462 potentior
1288 1397 1432 1442 esse
1477 1378 1677 1463 partis
1724 1378 2002 1442 melioris
2048 1376 2392 1442 auctoritas
2437 1396 2574 1442 coe-

165 1469 370 1547 perat.
422 1481 796 1547 responsum
843 1484 924 1527 ex
955 1462 1211 1528 decreto
1243 1471 1359 1545 est,
1391 1472 1613 1549 optare
1644 1485 1871 1549 pacem
1901 1463 2217 1546 Rhodios;
2251 1463 2306 1529 si
2337 1463 2575 1528 bellum
2602 1482 2627 1520 6

97 1555 142 1594 ¹⁵
169 1554 363 1629 esset,
409 1569 491 1613 ne
536 1548 689 1632 quid
737 1549 818 1613 ab
864 1548 1130 1615 Rhodiis
1163 1558 1448 1635 speraret
1477 1558 1588 1615 aut
1618 1557 1862 1635 peteret
1905 1571 2038 1632 reX,
2092 1550 2264 1634 quod
2294 1557 2575 1615 veterem

164 1634 536 1715 amicitiam,
585 1635 798 1700 multis
844 1636 1222 1718 magnisque
1253 1637 1493 1702 meritis
1524 1658 1683 1722 pace
1715 1637 2012 1720 belloque
2057 1644 2326 1722 partam,
2374 1636 2574 1700 diiun-

162 1728 351 1804 geret
417 1721 540 1787 sibi
599 1742 676 1787 ac
736 1722 1059 1788 Romanis.
1123 1724 1205 1788 ab
1266 1723 1492 1788 Rhodo
1553 1724 1893 1788 redeuntes
1956 1723 2259 1789 Boeotiae
2321 1742 2573 1806 quoque
2600 1741 2622 1779 ⁷

164 1807 481 1889 civitates,
527 1807 643 1893 [et]
674 1808 932 1874 Thebas
965 1817 1027 1873 et
1061 1809 1413 1875 Coroneam
1460 1817 1524 1875 et
1554 1811 1933 1890 Haliartum,
1979 1809 2292 1890 adierunt,
2341 1810 2569 1891 quibus

166 1913 545 1979 expressum
587 1894 801 1960 invitis
849 1896 1347 1978 existimabatur,
1400 1903 1470 1961 ut
1515 1898 1738 1962 relicta
1781 1896 1963 1979 regia
2007 1896 2312 1961 societate
2344 1896 2573 1961 Roma-

89 1988 136 2027 20
162 1981 263 2047 nis
311 1980 824 2065 adjungerentur.
894 1981 1185 2047 Thebani
1228 1983 1389 2048 nihil
1433 1984 1587 2049 moti
1633 1990 1798 2064 sunt,
1860 2003 2243 2066 quamquam
2289 1990 2352 2046 et
2397 1982 2565 2046 dam·
2594 1999 2620 2037 8

163 2067 332 2133 natis
401 2067 796 2154 principibus,
826 2076 922 2158 ‚33“
987 2069 1293 2137 restitutis
1361 2070 1651 2137 exulibus
1718 2070 2178 2137 succensebant
2245 2069 2568 2134 Romanis,

164 2155 480 2220 Coronaei
525 2162 588 2219 et
633 2147 950 2237 Haliartii,
998 2157 1217 2223 favore
1264 2157 1540 2240 quodam
1583 2157 1772 2223 insito
1817 2158 1883 2221 in
1927 2176 2134 2239 rech,
2203 2156 2453 2240 legatos
2499 2157 2564 2220 in
2592 2174 2618 2212 9

162 2241 614 2307 Macedoniam
659 2241 962 2308 miserunt
1050 2244 1393 2309 raesidium
1458 2252 1769 2329 petentes,
1841 2264 1965 2327 quo
2012 2263 2083 2309 se
2129 2242 2437 2309 adversus
2480 2243 2570 2306 in-

163 2335 489 2413 potentem
534 2329 895 2413 superbiam
939 2330 995 2394 T
1042 2331 1386 2395 ebanorum
1429 2331 1592 2396 tueri
1636 2330 1898 2416 possint.
1978 2329 2078 2395 cui
2126 2330 2434 2413 legationi
2476 2351 2570 2394 re·
2599 2347 2649 2385 10

92 2422 141 2462 2⁵
167 2435 476 2500 sponsum
521 2416 604 2480 ab
648 2436 803 2500 rege
851 2423 967 2498 est,
1014 2417 1403 2502 praesidium
1449 2438 1519 2482 se
1565 2424 1819 2502 propter
1862 2416 2139 2482 indutias
2172 2437 2316 2482 cum
2346 2417 2571 2481 Roma·

161 2502 262 2567 nis
309 2502 516 2567 factas
562 2501 810 2567 mittere
854 2521 981 2567 non
1027 2523 1247 2588 posse;
1298 2512 1517 2570 tamen
1561 2505 1652 2569 ita
1696 2503 1967 2569 suadere
2004 2505 2086 2568 ab
2117 2503 2570 2569 Thebanorum

374 2688 419 2737 1.
447 2683 825 2753 audissentq.ll
846 2703 987 2753 quae
1001 2684 1310 2754 dixisset.*{
1336 2691 1384 2740 2.
1401 2687 1656 2754 exposita
1671 2687 1946 2742 coni.I.F.
1964 2687 2277 2739 Gronovius.
2310 2684 2321 2754 Ι
2354 2691 2401 2739 3.
2422 2693 2572 2755 aput·

165 2768 176 2839 Ι
232 2771 566 2826 assederunt
621 2769 978 2838 (addiderunt
1014 2776 1091 2826 ed.
1140 2775 1268 2826 Bas.
1307 2772 1474 2841 1531,
1525 2776 1595 2844 cf.
1637 2776 1703 2829 G'.
1755 2775 1994 2827 Heraeus
2032 2783 2225 2842 quaest.
2263 2775 2378 2826 crit.
2417 2774 2480 2825 L.
2516 2792 2570 2843 p.

162 2857 320 2926 104),
360 2858 684 2914 adiecerunt
718 2859 912 2914 Novdk
953 2879 1008 2930 p.
1047 2860 1164 2915 261
1214 2859 1697 2928 (asseveraverunt
1744 2862 1865 2914 dub.
1916 2859 2121 2924 Hertz).
2173 2858 2183 2926 Ι
2231 2864 2282 2912 4.
2321 2861 2517 2928 adque.
2561 2859 2570 2926 Ι

160 2945 688 3014 missosromanossi,
735 2946 932 3001 missos
970 2947 1203 3001 Romam
1240 2948 1482 3014 legatos3
1535 2948 1581 3001 si
1617 2951 1694 3001 ed.
1732 2948 1860 3000 Bas.
1900 2945 2048 2999 1531
2099 2947 2339 3013 (legatos
2374 2947 2573 3001 missos

162 3032 427 3099 Romam3
464 3033 513 3087 si
561 3033 914 3087 Weissenborn
953 3036 1009 3086 in
1041 3036 1221 3104 praef.
1259 3038 1336 3088 ed.
1380 3036 1572 3087 Teubn.
1604 3054 1661 3105 p.
1689 3034 1887 3100 XIII).
1920 3032 1931 3102 Ι
1961 3035 2011 3086 6.
2039 3034 2526 3102 opepenitendum.
2559 3035 2570 3105 Ι

162 3116 436 3185 Rhodia!
485 3122 533 3171 7.
574 3119 950 3202 deprecantdo
1002 3118 1100 3188 (cf.
1141 3122 1416 3174 Gitlbauer
1448 3140 1505 3190 p.
1556 3120 1675 3187 80).
1725 3120 1734 3187 Ι
1785 3123 1834 3174 9.
1873 3120 2219 3188 praecipuae.
2270 3119 2278 3185 Ι
2331 3121 2570 3189 quiplus,

163 3240 319 3288 corr„
359 3220 580 3275 Cre'vier.
636 3221 645 3289 Ι
697 3227 778 3277 10.
830 3225 1027 3291 adque.
1084 3223 1092 3290 Ι
1161 3227 1635 3293 queseruaadque.
1693 3224 1700 3289 Ι
1756 3224 2354 3279 obnoxiaforesnullus.
2421 3221 2429 3289 Ι
2488 3227 2568 3276 13.

162 3309 751 3378 potentiorissepartis.
784 3308 793 3377 Ι
829 3311 909 3363 15.
936 3316 1333 3378 separaretaut.
1367 3311 1376 3379 Ι
1410 3312 1811 3380 quidueterem.
1845 3310 1854 3376 Ι
1890 3313 1970 3364 16.
1989 3310 2183 3380 parta*
2216 3307 2224 3377 Ι
2261 3313 2340 3362 17.
2368 3310 2569 3364 sibiab-

162 3396 427 3464 romanis,
463 3413 599 3449 corr.
638 3397 859 3466 Madvig]
896 3399 1017 3450 Em.
1054 3398 1117 3449 L.
1152 3417 1208 3467 p.
1230 3397 1358 3452 648.
1392 3398 1400 3464 Ι
1431 3399 1675 3453 Boetiae.
1713 3397 1721 3464 Ι
1756 3402 1836 3452 18.
1865 3398 2392 3465 ciuitatesetthebas,
2430 3413 2566 3450 corr.

163 3484 387 3552 Madviy
423 3485 457 3535 I.
495 3485 528 3535 l.
559 3480 570 3550 Ι
604 3483 1198 3538 Coroneammetaliaro
1231 3482 1248 3553 ΙΙ
1284 3486 1743 3539 mamadierunt.*
1775 3484 1786 3552 Ι
1820 3488 1901 3538 19.
1948 3485 2178 3539 inuitiis.
2211 3483 2221 3551 Ι
2253 3487 2336 3537 20.
2374 3483 2567 3537 adiun-

164 3574 409 3636 geretur.
441 3568 452 3638 Ι
484 3571 1214 3639 suntetquamquamnihilet
1269 3571 1446 3639 (sunt3
1505 3590 1840 3640 quamquam
1887 3571 2143 3626 nonnihil
2193 3577 2249 3625 et
2302 3574 2380 3625 ed.
2435 3572 2566 3623 Bas.

165 3654 355 3724 1531),
392 3661 524 3712 sunt
572 3675 904 3726 quamquam
955 3664 1011 3714 et
1046 3658 1240 3713 Nova'k
1286 3663 1476 3730 ephem.
1514 3660 1693 3712 Austr.
1746 3659 1893 3712 1892
1937 3677 1993 3727 p.
2043 3658 2178 3725 205,
2220 3661 2372 3729 prob.
2413 3657 2480 3709 H.
2522 3654 2567 3705 I-

165 3744 361 3798 Miiller
395 3763 520 3797 ann.
556 3746 732 3797 Berol.
770 3744 919 3799 1893
948 3765 1006 3814 p.
1044 3743 1166 3799 33¹⁸.
1210 3744 1221 3812 Ι
1270 3750 1351 3798 22.
1391 3746 1656 3799 Haliarte.
1701 3743 1709 3807 Ι
1754 3748 1836 3798 25.
1877 3746 2096 3812 adrege.
2142 3743 2151 3811 Ι
2193 3747 2278 3799 26.
2317 3744 2666 3870 ιεςιιξιάθνῗιμτ

165 3829 245 3884 ita
279 3827 358 3879 ed.
395 3831 522 3883 Bas,
568 3829 726 3883 1531.
759 3829 768 3897 Ι
801 3832 1250 3887 adtebanorum*.
