3005 4257
840 165 1068 219 LIBER
1105 165 1308 220 xmv.
1347 166 1512 220 CAP.
1555 166 1638 218 37.
1682 168 1754 235 [a.
1794 166 1861 221 U.
1901 183 1948 219 ο.
1988 168 2116 236 586]
2596 157 2679 219 57

272 344 411 408 sine
460 344 929 410 detractatione
976 352 1243 426 paratus
1289 365 1580 428 pugnare
1629 365 1707 408 eo
1756 345 1862 410 die
1910 346 2156 426 suisset,
2204 357 2539 413 contentus
2589 369 2680 428 e0,

271 434 442 514 quod
490 455 605 517 per
652 434 901 499 hostem
941 455 1182 498 moram
1230 435 1428 499 fuisse
1467 455 1727 516 pugnae
1767 435 2020 515 scirent,
2069 442 2131 499 et
2168 436 2308 517 ipse
2356 437 2421 500 in
2470 448 2682 503 castra

270 523 489 605 copias
538 524 815 588 reduxit.

485 612 728 677 Castris
792 612 1176 695 permunitis
1242 612 1309 677 G.
1368 611 1693 694 Sulpicius
1759 611 1999 692 Gallus,
2056 614 2348 679 tribunus
2405 616 2676 680 militum
2745 627 2771 667 ὅ

205 729 230 758 1
269 704 591 767 secundae
649 702 939 783 legionis,
998 702 1101 782 qui
1161 708 1417 783 praetor
1473 702 1805 784 superiore
1867 723 2038 767 anno
2104 701 2335 784 fuerat,
2403 706 2680 770 consulis

177 1170 229 1212 10

170 1615 224 1658 15

169 2058 223 2100 20

165 2503 220 2546 25

267 792 584 873 permissu
656 793 742 856 ad
809 792 1175 855 contionem
1251 791 1558 855 militibus
1631 791 1896 865 vocatis,
1973 793 2432 875 pronuntiavit,
2493 801 2679 858 nocte

267 882 580 962 proxima,
639 902 719 945 ne
777 881 919 962 quis
975 880 1042 943 id
1098 900 1212 962 pro
1270 887 1567 962 portento
1624 882 1957 964 acciperet,
2021 882 2105 944 ab
2170 882 2329 946 hora
2395 885 2681 948 secunda
2744 893 2770 935 6

266 989 466 1050 usque
514 970 599 1033 ad
648 978 944 1050 quartam
992 968 1215 1034 horam
1264 969 1469 1034 noctis
1507 970 1723 1034 lunam
1765 969 2161 1034 defecturam
2207 991 2364 1038 esse.
2411 972 2478 1035 id
2526 974 2682 1052 quia

266 1059 547 1123 naturali
596 1060 819 1123 ordine
877 1059 1063 1123 statis
1121 1058 1520 1140 temporibus
1567 1058 1696 1139 fiat,
1754 1067 1818 1122 et
1866 1060 2014 1123 sciri
2062 1068 2212 1124 ante
2270 1068 2335 1124 et
2391 1061 2678 1143 praedici

268 1167 471 1229 posse.
537 1150 756 1229 itaque
823 1167 1011 1228 quem
1078 1147 1164 1211 ad
1229 1148 1504 1226 modum,
1570 1148 1722 1228 quia
1788 1148 1942 1211 certi
2009 1149 2163 1214 solis
2230 1150 2547 1231 lunaeque
2614 1159 2679 1214 et
2743 1159 2768 1203 7

267 1246 441 1302 ortus
480 1245 544 1300 et
582 1258 845 1303 occasus
893 1237 1037 1315 sint,
1085 1257 1251 1301 nunc
1297 1238 1490 1319 pleno
1530 1237 1707 1313 orbe,
1738 1241 1922 1301 ‘nunc
1962 1246 2401 1302 senescentem
2440 1238 2678 1321 exiguo

265 1347 460 1392 cornu
506 1325 755 1409 fulgere
805 1327 1021 1391 lunam
1078 1347 1208 1389 non
1256 1327 1662 1404 mirarentur,
1722 1326 1814 1390 ita
1871 1347 1951 1390 ne
2009 1329 2333 1392 obscurari
2391 1328 2676 1410 quidem,

265 1436 406 1480 cum
457 1418 770 1481 condatur
807 1417 1036 1481 umbra
1073 1424 1306 1493 terrae,
1354 1416 1609 1480 trahere
1646 1416 1714 1479 in
1756 1416 2121 1498 prodigium
2168 1417 2424 1482 debere.
2471 1425 2673 1498 nocte,
2741 1425 2768 1469 8

265 1526 457 1586 quam
523 1505 730 1587 pridie
796 1526 1002 1569 nonas
1067 1505 1478 1587 Septembres
1542 1505 1833 1569 insecuta
1899 1513 1994 1570 est
2059 1506 2218 1584 dies,
2284 1508 2463 1572 edita
2520 1507 2675 1573 hora
2777 1570 2780 1571 γ

263 1595 416 1659 luna
483 1615 627 1659 cum
695 1594 1056 1673 defecisset,
1120 1595 1425 1658 Romanis
1489 1594 1802 1658 militibus
1857 1594 2030 1660 Galli
2087 1596 2410 1678 sapientia
2473 1617 2672 1679 prope

264 1684 487 1747 divina
544 1684 776 1770 videri3
834 1684 1223 1748 Macedonas
1298 1689 1364 1747 ut
1437 1683 1622 1747 triste
1686 1684 2069 1766 prodigium,
2135 1705 2426 1749 occasum
2485 1688 2669 1768 regni
2734 1690 2760 1733 9

263 1773 741 1854 perniciemque
788 1774 1001 1855 gentis
1049 1772 1459 1854 portendens,
1510 1773 1730 1849 movit,
1779 1793 1899 1837 nec
1949 1773 2135 1836 aliter
2182 1780 2383 1839 vates.
2431 1776 2671 1838 clamor

261 1862 668 1943 ululatusque
708 1863 774 1926 in
815 1862 1042 1927 castris
1070 1860 1490 1926 Macedonum
1530 1861 1667 1941 fuit,
1707 1862 1910 1925 donec
1950 1864 2103 1927 luna
2138 1861 2205 1925 in
2243 1884 2420 1928 suam
2462 1865 2669 1928 lucem

262 1951 538 2017 emersit.

478 2040 737 2105 Postero
795 2040 902 2104 die
953 2079 1036 2085 —
1083 2046 1302 2105 tantus
1359 2040 1609 2122 utrique
1666 2039 1858 2105 ardor
1914 2041 2223 2106 exercitui
2282 2042 2367 2105 ad
2414 2063 2669 2107 concur·
2707 2046 2761 2088 10

261 2130 534 2194 rendum
581 2128 807 2209 fuerat,
862 2138 931 2195 ut
978 2139 1044 2194 et
1091 2151 1309 2214 regem
1361 2137 1422 2194 et
1478 2131 1804 2195 consulem
1854 2151 2109 2195 suorum
2159 2133 2441 2212 quidam,
2499 2132 2672 2212 quod

262 2219 400 2282 sine
440 2220 686 2301 proelio
726 2219 1077 2284 discessum
1117 2226 1308 2297 esset,
1349 2227 1726 2284 accusarent
1757 2258 1842 2265 -
1873 2219 2011 2303 regi
2040 2228 2338 2303 prompta
2378 2221 2670 2286 defensio

260 2317 418 2382 erat,
470 2329 601 2371 non
639 2328 713 2373 eo
752 2311 974 2389 solum,
1023 2310 1193 2390 quod
1226 2308 1428 2373 hostis
1466 2309 1657 2391 prior,
1696 2316 1919 2392 aperte
1959 2330 2244 2391 pugnam
2283 2310 2668 2391 detractanS,
2706 2313 2757 2355 11

260 2399 326 2460 in
404 2404 618 2462 castra
692 2399 909 2481 copias
972 2398 1356 2474 reduxisset,
1435 2398 1550 2462 sed
1617 2397 1818 2461 etiam
1884 2401 2056 2478 quod
2123 2419 2199 2462 eo
2275 2398 2414 2463 loco
2484 2401 2670 2482 signa

259 2487 713 2566 constituisset,
757 2508 879 2569 quo
918 2488 1225 2569 phalanx,
1275 2508 1467 2568 quam
1509 2486 1802 2550 inutilem
1842 2487 1946 2551 vel
1986 2489 2325 2552 mediocris
2363 2489 2670 2571 iniquitas

477 2826 520 2878 1.
562 2827 960 2881 detractionee.
1002 2829 1009 2895 Ι
1052 2827 1413 2881 eodefuisset.
1449 2829 1456 2895 Ι
1490 2832 1862 2895 contemptus,
1897 2828 1904 2893 Ι
1947 2827 2149 2896 equod,
2189 2844 2256 2881 eo
2295 2828 2447 2896 quod
2483 2828 2668 2895 Hertz,

254 2915 494 2968 Harant
520 2933 583 2983 p.
623 2920 746 2970 276
782 2917 956 2986 (quod
993 2916 1075 2970 ed.
1113 2916 1251 2969 Bas.
1291 2919 1470 2984 1531).
1524 2919 1532 2985 Ι
1584 2918 1633 2971 6.
1674 2916 1996 2984 permissus,
2032 2918 2039 2984 Ι
2083 2916 2319 2970 uacatis.
2371 2919 2378 2985 Ι
2432 2918 2480 2969 7.
2519 2917 2668 2984 quis-

255 3005 434 3072 inpr0,
473 3005 599 3073 quis
637 3006 694 3058 id
732 3022 834 3074 pro
875 3006 954 3059 ed.
993 3006 1130 3057 Bas.
1169 3006 1329 3058 1531.
1380 3011 1390 3073 Ι
1441 3008 1489 3059 9.
1531 3006 1751 3059 stantis.
1804 3005 1810 3071 Ι
1863 3005 2019 3060 scire.
2057 3007 2064 3073 Ι
2101 3006 2183 3058 10.
2223 3006 2407 3060 certis.
2443 3007 2450 3073 Ι
2484 3006 2670 3059 lunae·

254 3110 417 3162 quae.
455 3095 463 3162 Ι
501 3095 581 3146 11.
621 3101 962 3162 senescente,
1004 3111 1139 3148 corr.
1176 3095 1540 3147 FlorebelluS.
1585 3099 1592 3157 Ι
1638 3095 1721 3147 12.
1760 3091 1989 3164 fulgere,
2042 3110 2181 3147 corr.
2222 3095 2303 3146 ed.
2341 3094 2478 3147 Bas.
2516 3096 2671 3146 1535

255 3184 348 3252 (cf.
394 3182 690 3237 Gitlbauer
716 3201 774 3251 p.
821 3184 939 3251 47).
1008 3189 1015 3248 1
1089 3185 1169 3235 14.
1210 3199 1386 3236 nonas
1427 3182 1669 3237 Sextiles
1716 3185 1856 3237 coni.
1894 3183 2245 3248 Dodwellu8,·
2292 3185 2364 3251 cf.
2414 3183 2503 3235 ad.
2542 3184 2591 3236 h.
2633 3183 2668 3234 l.

254 3273 402 3327 Zech
439 3278 734 3327 astronom.
785 3273 995 3327 Unters.
1043 3274 1133 3326 ab.
1182 3273 1233 3324 d.
1280 3273 1515 3340 wichtiy.
1552 3271 1928 3325 Finsternisse
1964 3271 2119 3339 Lv‘ps‘.
2165 3275 2317 3324 1853
2353 3289 2414 3338 p.
2457 3274 2549 3337 35,
2594 3275 2671 3323 49

253 3379 361 3428 sq.,·
405 3362 591 3415 Ideler
642 3362 901 3415 Chronol.
948 3362 1036 3429 II,
1078 3366 1220 3426 104,-
1267 3361 1574 3413 IlIommsen
1616 3360 1873 3414 Chronol.
1930 3364 2034 3425 46;
2078 3361 2148 3413 B.
2187 3361 2354 3412 Niese
2393 3360 2427 3413 l.
2469 3361 2504 3412 l.
2544 3361 2665 3427 III,

255 3454 374 3503 161.
428 3453 436 3518 Ι
495 3450 1089 3522 editalunaflhoracum,
1131 3450 1285 3504 edita
1324 3450 1464 3503 hora
1501 3450 1636 3503 luna
1673 3466 1797 3503 cum
1837 3450 1918 3502 ed.
1957 3451 2097 3502 Bas,
2134 3453 2278 3501 1531
2319 3451 2407 3516 (cf.
2454 3449 2669 3501 Vahlen

256 3538 387 3591 Ind.
426 3541 541 3593 lect.
578 3541 766 3593 Berol.
796 3541 990 3609 1890),
1029 3540 1184 3593 edita
1220 3540 1359 3593 hora
1397 3555 1523 3592 cum
1558 3538 1692 3592 luna
1727 3538 2126 3590 Weissenborn.
2163 3540 2169 3605 Ι
2208 3538 2288 3589 17.
2327 3537 2666 3604 permitiem-

253 3644 378 3695 que.
414 3629 422 3696 Ι
459 3629 540 3683 18.
580 3630 988 3698 ulaulatusque.
1024 3631 1031 3697 Ι
1064 3630 1149 3683 20.
1185 3631 1397 3697 (nam)
1430 3632 1628 3682 tantus
1665 3627 1897 3695 Madvig}
1933 3627 2055 3678 Em.
2094 3626 2161 3680 L.
2190 3642 2250 3692 p.
2299 3630 2431 3679 707.
2466 3630 2473 3691 Ι
2507 3625 2668 3678 utris-

253 3734 380 3785 que.
441 3720 449 3784 Ι
509 3719 596 3771 22.
635 3724 966 3786 promptam.
1027 3720 1035 3783 Ι
1091 3718 1176 3771 23.
1217 3717 1512 3772 seosolum.
1577 3718 1584 3783 Ι
1636 3717 1952 3769 detrectans
1991 3715 2073 3767 ed.
2108 3715 2264 3781 Bas„
2303 3714 2537 3782 Illadviy
2575 3714 2664 3781 (cf.

261 3806 494 3875 Georyes
531 3806 666 3862 Lex.
707 3807 758 3859 d.
807 3807 1008 3874 Wortf.
1038 3824 1101 3873 p.
1141 3811 1293 3873 210).
1329 3807 1336 3873 Ι
1372 3807 1457 3859 25.
1497 3803 2430 3874 iniquitasloci[liniquitasefficeret.
2467 3803 2474 3868 Ι
