3005 4257
129 1237 184 1278 10

134 1682 187 1725 15

127 2127 184 2170 20

717 241 946 295 LIBER
986 241 1185 295 XLIV.
1227 241 1394 296 CAP.
1434 242 1521 295 20.
1559 241 1645 294 21.
1688 243 1762 310 [a.
1801 241 1866 295 U.
1906 258 1951 295 c.
1993 242 2117 310 586]
2547 228 2630 289 29

217 419 267 482 ii
314 419 629 499 nuntiant,
688 419 928 484 maiore
985 421 1271 503 periculo
1339 441 1532 501 quam
1600 421 2030 484 emolumento
2096 421 2450 485 exercitum
2517 441 2631 503 per

218 509 429 573 invios
467 510 670 574 saltus
708 509 775 573 in
814 510 1259 574 Macedoniam
1296 508 1648 574 inductum.
1686 509 1986 589 Pieriam,
2028 529 2152 590 quo
2191 509 2632 592 processisset,
2693 534 2718 576 3

218 617 434 679 regem
483 605 733 683 tenere3
790 605 1004 663 castra
1052 599 1282 664 castris
1329 618 1530 681 prope
1578 599 1670 662 ita
1730 599 1988 661 conlata
2037 618 2196 679 esse,
2253 605 2322 663 ut
2368 599 2630 663 flumine

218 689 420 770 Elpeo
475 688 811 753 interiecto
870 696 1227 752 arceantur.
1294 708 1501 769 neque
1560 708 1778 772 regem
1843 688 2183 770 pugnandi
2245 696 2629 771 potestatem

221 777 451 855 facere,
490 797 608 841 nec
647 778 882 842 nostris
922 777 1051 841 vim
1092 777 1177 841 ad
1217 778 1577 860 cogendum
1617 797 1777 843 esse.
1819 776 2093 841 hiemem
2136 778 2332 840 etiam
2371 777 2634 860 insuper

218 867 411 930 rebus
458 867 762 947 gerendis
809 868 1253 931 intervenisse.
1301 868 1369 929 in
1417 868 1545 931 otio
1597 866 1863 930 militem
1912 867 2018 943 ali,
2077 887 2196 930 nec
2246 867 2390 949 plus
2439 886 2630 947 quam

221 975 337 1018 sex
395 957 641 1018 dieram
694 955 1082 1020 frumentum
1144 957 1401 1021 habere.
1459 957 1886 1020 Macedonum
1947 956 2072 1020 dici
2131 956 2398 1039 triginta
2455 955 2634 1019 milia

222 1052 614 1108 armatorum
665 1065 826 1123 esse.
876 1045 931 1109 si
983 1049 1098 1126 Ap.
1155 1044 1427 1109 Claudio
1477 1045 1651 1108 circa
1698 1045 2111 1129 Lychnidum
2168 1045 2326 1109 satis
2376 1045 2633 1108 validus

223 1134 546 1198 exercitus
593 1134 776 1213 foret,
822 1136 1114 1217 potuisse
1161 1135 1251 1197 ibi
1298 1135 1569 1216 ancipiti
1608 1135 1778 1198 bello
1821 1134 2115 1198 distineri
2162 1154 2412 1217 regem:
2461 1154 2630 1197 nunc

225 1231 287 1285 et
342 1223 643 1305 Appium,
691 1231 755 1287 et
811 1225 975 1303 qnod
1029 1243 1173 1287 cum
1240 1243 1316 1287 eo
1373 1223 1683 1306 praesidii
1738 1224 1836 1304 sit,
1902 1223 1969 1287 in
2036 1244 2281 1287 summo
2346 1223 2631 1305 periculo

224 1331 385 1390 esse,
434 1312 558 1376 nisi
604 1333 877 1396 propere
926 1322 1036 1378 aut
1073 1316 1278 1377 iustus
1327 1314 1654 1377 exercitus
1702 1334 1777 1377 eo
1828 1313 2130 1393 mittatur,
2180 1318 2291 1376 aut
2339 1313 2434 1375 illi
2479 1313 2632 1376 inde

225 1401 640 1466 deducantur.
691 1403 775 1466 ad
826 1404 1099 1466 classem
1156 1422 1224 1468 se
1274 1423 1356 1466 ex
1404 1403 1633 1467 castris
1690 1401 2008 1484 profectos
2058 1401 2376 1466 sociorum
2434 1423 2634 1466 nava-

225 1489 379 1553 lium
434 1500 684 1573 partem
755 1493 971 1555 morbo
1030 1491 1292 1556 audisse
1351 1492 1781 1574 absumptam,
1849 1498 2117 1574 partem,
2184 1491 2459 1555 maxime
2525 1492 2634 1572 qui

225 1600 305 1643 ex
343 1579 568 1645 Sicilia
608 1580 859 1662 fuerint,
901 1581 1125 1645 domos
1164 1600 1316 1645 suas
1355 1582 1591 1660 abisse,
1631 1587 1693 1643 et
1731 1580 2021 1644 homines
2062 1581 2339 1645 navibus
2379 1582 2631 1661 deesse;

229 1669 335 1748 qui
385 1670 530 1749 sint,
580 1690 786 1751 neque
846 1669 1234 1751 stipendium
1293 1669 1625 1751 accepisse
1672 1688 1879 1750 neque
1935 1669 2321 1733 vestimenta
2375 1668 2633 1734 habere.

224 1759 559 1840 Eumenen
606 1760 1011 1839 classemque
1063 1759 1220 1837 eius,
1279 1765 1612 1838 tamquam
1669 1765 1861 1821 vento
1910 1757 2165 1822 adlatas
2214 1778 2434 1836 naves,
2495 1759 2634 1822 sine

226 1866 426 1910 causa
474 1856 537 1911 et
577 1849 832 1912 venisse
872 1857 937 1910 et
976 1847 1218 1931 abisse3
1257 1868 1375 1912 nec
1415 1848 1702 1911 animum
1741 1848 1882 1911 eius
1923 1847 2095 1929 regis
2142 1855 2438 1910 constare
2478 1847 2636 1911 satis

226 1935 454 2000 visum.
513 1937 677 2000 sicut
739 1938 954 1999 omnia
1013 1937 1094 2000 de
1151 1936 1436 2000 Eumene
1495 1935 1715 2016 dubia,
1772 1938 1868 1999 ita
1923 1935 2123 1999 Attali
2173 1935 2432 2019 egregie
2490 1956 2635 2000 con-

226 2033 501 2089 stantem
548 2025 741 2090 fidem
792 2026 1199 2091 nuntiabant.

438 2115 619 2180 XXI.
662 2116 928 2199 Legatis
967 2115 1204 2180 auditis
1241 2120 1397 2179 tunc
1437 2115 1519 2179 de
1557 2115 1728 2180 bello
1768 2113 2006 2179 referre
2048 2133 2190 2179 sese
2220 2114 2291 2179 L.
2324 2113 2635 2178 Aemilius

441 2347 486 2399 1.
524 2347 783 2401 nuntiati.
836 2349 843 2415 Ι
895 2348 945 2400 2.
994 2347 1225 2401 inducit.
1276 2349 1285 2414 Ι
1334 2346 1384 2399 4.
1433 2346 1613 2414 epeia,
1662 2346 1836 2412 Elpeo
1875 2344 2108 2413 Madvig)
2144 2344 2269 2397 Em.
2308 2344 2377 2397 L.
2414 2361 2474 2410 p.
2522 2346 2639 2396 684

218 2434 458 2501 (Enipeo
495 2436 577 2489 ed.
615 2437 755 2489 Bas.
793 2437 973 2501 1531).
1034 2437 1041 2504 Ι
1102 2439 1151 2490 5.
1190 2432 2032 2504 inhiememetiaminspessrebuS,
2071 2433 2310 2487 hiemem
2348 2433 2520 2486 etiam
2559 2432 2638 2484 in-

219 2540 390 2591 super
435 2524 602 2579 rebus
661 2525 872 2578 Vahlen
919 2526 1117 2592 ephem.
1177 2525 1367 2577 Austr.
1422 2527 1569 2576 1861
1614 2540 1676 2591 p.
1737 2528 1774 2576 8
1828 2524 1924 2590 (ef.
1971 2522 2176 2574 Hartel
2221 2539 2283 2589 p.
2335 2524 2449 2588 49),
2506 2521 2637 2575 inde

221 2613 459 2668 hiemem
506 2615 675 2667 etiam
723 2631 821 2682 spe
870 2615 1102 2669 celerius
1141 2615 1306 2668 rebus
1346 2614 1477 2666 olim
1524 2612 1923 2678 Weissenborn,
1960 2611 2197 2666 hiemem
2249 2611 2418 2665 etiam
2456 2611 2638 2677 inspe-

218 2705 485 2771 <ratam>
519 2704 687 2759 rebus
737 2704 1056 2757 dubitanter
1100 2704 1297 2756 Novak
1333 2721 1394 2770 p.
1445 2702 1678 2777 263,νί
1718 2701 1954 2756 hiemem
1994 2701 2182 2758 etiam,
2210 2700 2433 2753 insueta
2472 2700 2636 2753 rebus

221 2793 457 2846 Harant
486 2796 596 2846 271
625 2792 882 2860 (hiemem
912 2793 1081 2847 etiam
1112 2809 1366 2859 asperam
1398 2792 1563 2845 rebus
1594 2791 1673 2843 ed.
1704 2791 1841 2843 Bas.
1870 2790 2051 2858 1531).
2086 2792 2093 2856 1
2128 2791 2177 2842 6.
2198 2787 2636 2854 notiomilitialii,

220 2882 278 2934 in
308 2881 425 2937 otio
454 2882 684 2937 militem
716 2883 790 2937 ali
821 2882 901 2935 ed.
923 2883 1062 2935 Bas.
1082 2885 1238 2948 1531,
1274 2881 1452 2948 <vix>
1485 2881 1542 2933 in
1571 2881 1687 2933 otio
1717 2880 1946 2932 militem
1980 2878 2054 2931 ali
2073 2878 2320 2945 Madviy,
2351 2878 2495 2945 no<n
2515 2878 2635 2931 sine

220 2972 484 3040 nego>tio
511 2972 742 3026 militem
773 2972 847 3024 ali
876 2972 1082 3024 Hartel
1107 2988 1167 3038 p.
1212 2974 1304 3038 49,
1345 2970 1515 3024 noxia
1551 2969 1714 3022 militi
1754 2969 1865 3022 alia
1892 2967 2128 3020 Harant
2148 2983 2208 3033 p.
2242 2969 2368 3019 271.
2393 2965 2399 3031 Ι
2425 2966 2635 3036 quamfl-

222 3059 656 3127 UIfrumentum,
686 3079 853 3130 quam
882 3061 1271 3128 sex<dierum>
1298 3058 1637 3114 frumentum
1660 3059 1930 3126 S‘iyoniuS,
1970 3073 2136 3125 quam
2167 3071 2266 3109 sex
2292 3056 2638 3124 <mensium>

218 3150 560 3204 frumentum
596 3151 873 3218 Kreyssiy,
902 3167 1035 3203 num
1063 3167 1230 3218 quam
1261 3149 1761 3219 viginti<dierum>
1792 3146 2126 3199 frumentum
2157 3144 2248 3210 (ef.
2271 3144 2633 3210 XXXXIII,

218 3245 264 3304 1,
297 3244 337 3292 8
365 3246 414 3293 et
452 3240 518 3293 de
555 3241 756 3293 erroris
794 3240 1001 3308 oriyz'ne
1023 3241 1093 3307 *).
1128 3240 1135 3308 Ι
1172 3241 1221 3292 7.
1263 3238 1444 3292 XXX.
1483 3238 1653 3291 milia.
1689 3239 1696 3299 Ι
1730 3237 1779 3289 8.
1818 3234 2157 3304 lycanidum.
2193 3235 2199 3298 Ι
2233 3234 2282 3285 9.
2315 3233 2630 3297 exercitui!

220 3329 808 3397 potuissetinancipiti,
847 3329 1102 3396 potuisse
1140 3329 1219 3382 ibi
1250 3328 1484 3395 ancipiti
1513 3327 1719 3379 Παντεῖ
1746 3342 1807 3392 p.
1843 3328 1934 3391 47,
1966 3323 2216 3391 potuisse
2245 3338 2371 3375 eum
2403 3322 2634 3389 ancipiti

220 3418 458 3470 Harant
475 3435 536 3485 p.
577 3422 687 3471 271
725 3418 998 3487 (potuisse
1036 3418 1269 3485 ancipiti
1308 3418 1390 3470 ed.
1430 3418 1572 3469 Bas.
1618 3419 1798 3481 1531).
1852 3416 1858 3482 1
1910 3412 2077 3480 bello,
2115 3412 2152 3465 b
2190 3428 2357 3479 spser.
2397 3427 2462 3463 ex
2498 3411 2634 3464 rello

222 3522 362 3560 corr.
397 3508 406 3575 Ι
437 3508 734 3575 destinere,
775 3508 1027 3562 distineri
1057 3508 1107 3559 Ι.
1136 3506 1207 3560 F.
1245 3507 1573 3573 Gronovius,
1613 3505 1835 3570 Hartel,
1876 3502 2143 3557 distinere
2181 3501 2259 3554 ed.
2300 3501 2438 3553 Bas.
2475 3502 2632 3566 1531,

222 3596 477 3650 Harant.
510 3599 518 3665 Ι
552 3599 636 3651 10.
675 3599 827 3666 quod
867 3597 995 3650 add.
1027 3598 1107 3650 ed.
1139 3598 1276 3649 Bas,
1305 3599 1463 3649 1531.
1498 3598 1507 3662 Ι
1543 3595 1625 3647 11.
1657 3594 2080 3647 indeducantur.
2116 3592 2123 3658 Ι
2160 3591 2241 3643 12.
2271 3591 2331 3642 in
2359 3606 2418 3643 se
2450 3589 2634 3642 littera

221 3702 249 3740 s
285 3702 460 3753 snpra
499 3688 714 3741 addita.
766 3691 773 3755 Ι
825 3687 1127 3755 profectus,
1179 3689 1186 3753 Ι
1240 3685 1322 3738 13.
1364 3685 1991 3749 audissetadsumptum.
2043 3683 2050 3749 Ι
2099 3680 2183 3734 14.
2221 3695 2368 3733 suos.
2415 3683 2422 3744 Ι
2462 3678 2634 3732 homi-

222 3778 641 3867 nesdnanuibus.
683 3796 690 3863 ι
744 3796 829 3848 16.
869 3794 1077 3849 adlata.
1140 3796 1147 3861 ι
1200 3809 1332 3847 aues
1381 3792 1523 3845 coni.
1563 3792 1702 3845 Rob.
1751 3790 1946 3842 Titius.
1998 3792 2005 3855 ι
2062 3789 2144 3841 18.
2182 3788 2263 3841 ita
2302 3786 2433 3839 aad.
2473 3785 2523 3836 I.
2564 3784 2632 3837 F.

227 3886 557 3940 Gronovius.
590 3888 598 3953 1
631 3886 950 3954 aegregiae.
986 3886 993 3953 Ι
1027 3884 1113 3937 20.
1154 3881 1415 3936 audiritis,
1450 3884 1457 3950 Ι
1490 3885 1607 3933 tum
1646 3881 1716 3933 de
1763 3878 1840 3931 W
1835 3877 2098 3946 esenbery.
2133 3879 2140 3943 Ι

2695 802 2721 841 4

2696 1068 2723 1110 5
