3005 4257
163 1184 213 1221 10

162 1615 212 1654 16

161 2049 213 2088 20

837 164 1053 218 LIBER
1090 165 1281 217 XLIII.
1323 164 1474 218 cAP.
1515 168 1562 217 7.
1616 162 1686 230 [a.
1724 166 1789 219 U.
1829 182 1874 218 ο.
1913 163 2038 230 584]
2595 165 2635 226 9

246 368 504 434 doniam
549 370 822 451 misisse,
888 392 1030 435 cum
1083 372 1452 454 interrogati
1498 393 1625 436 non
1685 371 2118 451 infitiarentur,
2180 370 2352 455 apud
2399 373 2633 435 Persea
2660 388 2685 426 2

244 458 547 521 maiorem
607 478 936 521 numerum
1000 459 1475 540 sagittariorum
1537 482 1798 522 suorum
1846 480 2034 539 quam
2093 458 2264 542 apud
2314 458 2633 522 Romanos

245 543 533 625 militare,
582 564 957 628 responsum
1004 554 1117 625 est,
1168 546 1222 610 si
1270 545 1603 610 Cretenses
1649 547 1810 610 bene
1841 565 1918 608 ac
1949 545 2194 609 naviter
2239 545 2635 609 destinarent
2662 564 2686 599 ³

244 631 554 715 potiorem
602 632 823 715 populi
870 632 1132 696 Romani
1203 654 1391 714 quam
1461 633 1632 714 regis
1679 632 1898 696 Persei
1965 632 2309 696 amicitiam
2377 632 2631 711 habere,

245 726 534 782 senatum
582 739 832 801 quoque
882 718 1231 783 Romanum
1280 719 1357 783 iis
1406 726 1723 801 tamquam
1772 716 1962 783 certis
2008 719 2199 783 sociis
2260 738 2632 802 responsum
2661 736 2685 772 ⁴

245 804 537 869 daturum
604 825 765 870 esse.
858 805 1103 870 interea
1169 808 1538 870 nuntiarent
1606 806 1759 884 suis,
1827 807 2080 889 placere
2146 805 2409 885 senatui,
2480 806 2634 870 dare

245 911 505 974 operam
555 891 910 972 Cretenses,
958 901 1045 973 ut,
1094 914 1251 976 quos
1298 894 1530 957 milites
1590 893 1755 957 intra
1814 892 2134 976 praesidia
2195 893 2370 976 regis
2416 892 2631 957 Persei

246 978 576 1058 haberent,
625 999 735 1044 eos
781 979 986 1063 primo
1035 1000 1285 1063 quoque
1332 987 1621 1065 tempore
1667 980 1922 1044 domum
1967 986 2353 1044 revocarent.

454 1081 857 1148 Cretensibus
905 1103 1050 1147 cum
1096 1085 1216 1149 hoc
1247 1104 1555 1168 responso
1603 1083 1883 1148 dimissis
1915 1082 2372 1148 Chalcidenses
2401 1083 2630 1163 vocati,
2662 1096 2687 1133 ⁶

244 1189 512 1252 quorum
581 1171 818 1251 legatio
879 1171 1019 1255 ipso
1089 1171 1347 1235 introitu
1413 1171 1632 1251 movit,
1703 1171 1872 1253 quod
1916 1170 2286 1253 Micythion,
2335 1170 2633 1254 princeps

243 1276 479 1338 eorum,
530 1257 804 1340 pedibus
837 1265 1062 1342 captus
1094 1259 1320 1323 lectica
1358 1266 1457 1322 est
1501 1258 1873 1342 introlatus3
1921 1258 2183 1322 ultimae
2228 1257 2630 1322 necessitatis
2660 1273 2684 1308 ⁶

243 1346 564 1428 extemplo
611 1344 754 1409 visa
797 1364 918 1425 res,
967 1345 1031 1408 in
1078 1366 1204 1427 qua
1248 1345 1337 1409 ita
1381 1345 1639 1410 adfecto
1701 1345 2027 1409 excusatio
2088 1343 2470 1410 valetudinis
2522 1351 2633 1408 aut

244 1450 324 1494 ne
367 1430 491 1515 ipsi
539 1430 793 1513 quidem
842 1432 1121 1515 petenda
1166 1433 1304 1496 visa
1350 1432 1515 1496 foret
1559 1439 1668 1496 aut
1737 1431 1890 1496 data
1956 1432 2200 1516 petenti
2243 1452 2367 1495 non
2438 1439 2628 1496 esset.

244 1536 389 1581 cum
437 1518 556 1582 sibi
604 1518 762 1582 nihil
794 1519 926 1583 vivi
957 1519 1220 1583 relicum
1265 1526 1711 1603 praeterquam
1757 1518 2042 1600 linguam
2074 1519 2158 1583 ad
2205 1516 2631 1602 deplorandas
2659 1531 2683 1569 ⁷

242 1604 488 1687 patriae
521 1625 677 1670 suae
709 1605 1104 1670 calamitates
1137 1607 1464 1690 praefatus
1497 1614 1686 1684 esset,
1722 1605 2015 1689 exposuit
2046 1604 2321 1670 civitatis
2360 1605 2632 1688 primum

243 1711 397 1756 suae
458 1691 795 1757 benefacta
841 1700 905 1756 et
949 1701 1166 1757 vetera
1211 1700 1275 1757 et
1321 1714 1415 1773 ea,
1463 1713 1626 1775 quae
1672 1692 1886 1757 Persei
1934 1692 2103 1757 bello
2164 1692 2631 1776 praestitissent

244 1776 512 1844 ducibus
559 1779 1066 1862 exercitibusque
1113 1780 1445 1865 Romanis,
1509 1787 1642 1843 tum
1689 1799 1849 1861 quae
1909 1780 2113 1862 primo
2177 1779 2246 1842 C.
2297 1779 2629 1843 Lucretius
2657 1791 2683 1828 ⁸

244 1865 307 1928 in
369 1867 709 1950 populares
764 1886 913 1931 suos
975 1874 1230 1950 praetor
1276 1867 1597 1931 Romanus
1658 1865 1950 1950 superbe,
2013 1886 2223 1946 avare,
2289 1866 2631 1930 crudeliter

242 1951 534 2037 fecisset3
609 1953 838 2017 deinde
885 1973 1048 2035 quae
1110 1961 1245 2018 tum
1292 1974 1435 2018 cum
1482 1953 1759 2017 maxime
1806 1953 1874 2017 L.
1921 1952 2299 2016 Hortensius
2367 1953 2626 2021 faceret.

243 2058 431 2119 quem
477 2040 560 2104 ad
606 2040 862 2104 modum
910 2041 1123 2105 omnia
1167 2041 1305 2121 sibi,
1357 2041 1550 2105 etiam
1596 2041 1691 2124 iis,
1738 2059 1900 2122 quae
1938 2038 2278 2122 patiantur,
2326 2038 2622 2120 tristiora,
2656 2050 2681 2087 ⁹

241 2127 546 2210 patienda
591 2147 737 2193 esse
783 2127 1019 2193 ducant
1063 2130 1293 2212 potius,
1344 2150 1535 2210 quam
1581 2126 1707 2192 fide
1753 2126 2113 2207 decedatur,
2164 2126 2273 2205 sic,
2330 2124 2501 2209 quod
2544 2125 2628 2206 ad

242 2213 603 2279 Lucretium
650 2215 1180 2297 Hortensiumque
1226 2215 1544 2294 attineret,
1606 2214 1770 2279 scire
1813 2215 2009 2278 tutius
2070 2212 2269 2279 fuisse
2331 2214 2628 2278 claudere

240 2308 458 2383 portas
502 2323 694 2385 quam
740 2302 805 2365 in
850 2302 1074 2367 urbem
1120 2323 1233 2367 eos
1280 2303 1593 2386 accipere.
1665 2301 1772 2385 qui
1805 2301 2234 2366 exclusissent
2264 2321 2394 2379 eos,
2444 2301 2628 2365 Ema-
2656 2310 2706 2348 1⁰

241 2384 458 2469 thiam,
508 2389 959 2474 Amphipolim,
996 2391 1382 2468 Maroneam,
1415 2390 1661 2454 Aenum
1706 2389 2058 2454 incolumes
2104 2407 2267 2453 esse.
2338 2388 2513 2472 apud
2559 2408 2627 2453 se

453 2568 495 2616 1.
526 2563 675 2616 inma
698 2564 720 2626 ΙΙ
747 2564 1657 2647 cedoniasemisisseticuminfitiat-i
1682 2566 1704 2628 ΙΙ
1730 2566 2564 2632 noninterrogarenturaputper
2597 2563 2624 2633 ΙΙ

239 2684 347 2736 sca,
374 2684 507 2721 corr.
534 2668 610 2721 ed.
635 2668 763 2722 Bas.
794 2666 953 2722 1531.
986 2668 994 2734 Ι
1027 2672 1076 2724 2.
1103 2687 1329 2723 suorum
1350 2671 1468 2723 odd.
1494 2670 1709 2722 Harant
1729 2688 1784 2738 p.
1811 2668 1941 2723 261.
1974 2667 1983 2735 Ι
2015 2673 2335 2736 quamaput.
2368 2667 2376 2734 Ι
2408 2672 2456 2722 4.
2482 2668 2629 2735 poti-

235 2771 474 2820 orempr.
507 2753 515 2819 Ι
547 2757 596 2808 5.
640 2760 1058 2823 senatumquoq.
1084 2756 1106 2819 ΙΙ
1131 2757 1996 2825 romanumistamquamcertisso
2021 2758 2042 2818 ΙΙ
2069 2758 2165 2810 cis,
2208 2755 2216 2820 Ι
2267 2759 2313 2809 9.
2353 2756 2627 2809 calciden-

236 2857 341 2893 seS.
384 2840 393 2903 Ι
440 2844 520 2895 10.
558 2842 1077 2909 introituobitquod,
1115 2843 1349 2897 introitu
1385 2845 1561 2897 movit
1601 2843 1703 2910 (vel
1735 2845 2000 2906 <omnes>
2035 2841 2250 2910 movit),
2290 2845 2439 2909 quod
2479 2844 2548 2897 H.
2579 2844 2624 2896 I.

236 2927 430 2979 Maller
456 2926 543 2990 (de
569 2930 714 2981 verbo
737 2945 963 2983 movere
989 2931 1214 2983 absolute
1244 2948 1329 2999 ap.
1356 2930 1468 2984 Liv.
1491 2932 1658 2999 posito
1683 2931 1753 2996 cf.
1790 2931 2145 2982 Weissenborn
2172 2957 2238 2965 —-
2265 2929 2334 2982 H.
2361 2930 2407 2982 J.
2433 2929 2625 2980 Illiiller

236 3016 309 3066 ad
353 3016 412 3080 V,
450 3014 544 3080 55,
586 3015 663 3081 1),
703 3016 954 3084 introitu,
992 3019 1062 3071 ob
1098 3018 1157 3070 id
1180 3018 1330 3084 quod
1366 3020 1442 3070 ecl.
1483 3019 1607 3071 Βαε.
1647 3015 1810 3082 1531,
1850 3017 2024 3078 Hertz,
2048 3016 2306 3084 Madviq*.
2349 3013 2358 3081 Ι
2401 3016 2622 3082 micion,

235 3101 540 3167 Micythion
562 3103 766 3155 Bekler
801 3105 861 3157 cl.
902 3104 1119 3170 XXXV,
1159 3106 1240 3173 38,
1277 3109 1321 3172 1,
1351 3105 1623 3157 Gitlbauer
1652 3123 1709 3173 p.
1747 3103 1834 3157 67.
1868 3101 1875 3169 Ι
1908 3104 2022 3170 pri*
2050 3104 2071 3164 ΙΙ
2098 3119 2243 3170 cepS.
2275 3101 2283 3167 Ι
2320 3105 2400 3156 11.
2428 3107 2512 3156 est
2543 3103 2625 3154 in-

233 3189 491 3253 trolatuS,
545 3189 768 3252 <omnes
823 3191 1151 3255 convertit>
1204 3193 1404 3256 Duker,
1460 3192 1636 3257 Hertz,
1695 3195 1781 3244 est
1834 3191 2149 3257 introlatuS,
2204 3190 2437 3258 Illaclm'q.
2483 3190 2490 3253 Ι
2543 3194 2621 3242 12.

234 3273 462 3342 uisares,
512 3275 632 3329 uisa
681 3282 763 3329 est
807 3276 1026 3345 Bladm'y
1073 3295 1133 3329 ex
1181 3282 1309 3331 com'.
1359 3280 1747 3332 Drakenborch.
1790 3274 2065 3345 [adfecta.
2111 3282 2116 3342 Ι
2166 3280 2244 3330 14.
2282 3278 2570 3330 relicuum.
2612 3276 2617 3341 Ι

236 3359 454 3428 linguas
481 3359 621 3427 (num
649 3362 896 3430 linguam
922 3364 1082 3417 esse?
1106 3365 1327 3432 Bladviq
1350 3366 1404 3416 in
1430 3366 1552 3418 adn.
1578 3363 1711 3428 ed.)*
1742 3362 1749 3430 Ι
1786 3367 1865 3417 17.
1903 3363 2333 3431 tumqueprimo.
2378 3362 2385 3427 Ι
2424 3365 2501 3415 18.
2538 3360 2620 3427 sir.

233 3464 513 3501 romanus.
558 3447 566 3512 Ι
616 3452 1472 3516 superauerecrudeliterfecisse.
1517 3450 1525 3517 Ι
1563 3455 1641 3505 19.
1680 3457 1923 3518 quetum.
1957 3449 1964 3518 Ι
1995 3452 2252 3504 maxime.
2291 3452 2327 3504 l.
2359 3448 2368 3514 Ι
2399 3451 2483 3502 20.
2522 3448 2620 3500 eti-

234 3536 387 3588 amiS.
421 3534 428 3600 Ι
472 3538 556 3588 21.
595 3536 1092 3602 quamsinedeceda
1117 3538 1137 3599 ΙΙ
1163 3538 1353 3603 tursic,
1403 3555 1570 3604 quam
1612 3536 1721 3591 fide
1765 3538 2082 3605 decedatur,
2121 3537 2199 3590 sic
2248 3535 2620 3594 Weissenborn,

233 3640 400 3689 quam
436 3622 546 3676 fide
584 3623 872 3691 decedant,
910 3624 988 3677 sic
1026 3626 1276 3693 Kreysm‘y
1312 3622 1501 3691 (quam
1540 3642 1598 3677 se
1635 3625 1842 3678 dedant
1884 3625 2054 3678 Persi.
2093 3625 2168 3677 ed.
2207 3624 2335 3677 Bas.
2374 3619 2568 3683 1531).
2608 3618 2616 3683 Ι

233 3713 317 3762 22.
353 3709 861 3776 hortensiumquae.
911 3709 919 3775 Ι
974 3713 1059 3763 23.
1103 3716 1211 3777 qua
1236 3714 1258 3774 ΙΙ
1284 3710 1355 3763 in.
1389 3706 1398 3776 Ι
1447 3727 1589 3776 quae
1627 3711 2001 3764 exclusissent
2037 3728 2130 3764 eos
2179 3713 2307 3764 coni.
2347 3708 2599 3778 Sicyonius

233 3793 331 3862 qui
366 3795 739 3848 exclusissent
778 3792 917 3862 [eos]
957 3815 999 3849 υ.
1014 3797 1064 3850 (ἰ.
1103 3797 1175 3848 ad
1208 3815 1374 3865 marq.
1428 3797 1550 3850 Cur.
1595 3795 1604 3863 Ι
1648 3800 1731 3850 24.
1767 3815 1855 3851 ma
1892 3798 1913 3861 ΙΙ
1949 3815 2161 3852 ronam.
2205 3796 2214 3864 Ι
2258 3800 2408 3866 aput.
2543 3731 2730 3850 f
