3005 4257
144 1202 197 1243 10

146 1647 200 1689 15

151 2092 205 2134 20

747 217 970 270 LIBER
1010 217 1207 271 XLIV.
1248 216 1410 271 GAP.
1451 218 1540 270 41.
1580 219 1664 270 42.
1709 219 1783 286 [a.
1824 219 1891 273 U.
1932 235 1978 273 c.
2020 219 2144 287 586]
2562 205 2646 267 63

236 397 367 459 vim
405 395 664 475 habent,
713 395 1126 478 experiendo,
1176 416 1320 460 cum
1361 396 1491 480 agi,
1535 417 1680 470 non,
1730 417 1920 477 quem
1959 396 2046 460 ad
2083 396 2344 461 modum
2392 404 2644 479 agatur,

236 485 504 549 edisseri
554 493 824 567 oportet,
867 485 1005 548 sine
1053 486 1182 549 ullo
1231 484 1458 550 effectu
1507 494 1922 562 evanescunt,
1960 487 2051 550 ita
2096 493 2229 550 tum
2278 486 2645 568 elephanto-

239 574 506 638 machae
549 595 779 639 nomen
817 581 1067 638 tantum
1116 575 1253 639 sine
1300 595 1417 639 usu
1464 574 1741 638 fuerunt.
1792 575 2285 657 elephantorum
2333 577 2644 658 impetum

235 663 558 728 subsecuti
606 671 751 728 sunt
798 663 956 728 socii
995 663 1272 728 nominis
1309 663 1530 727 Latini
1578 665 2085 747 pepuleruntque
2132 666 2382 728 laevom
2430 685 2637 729 cornu.

235 753 300 815 in
370 753 585 816 medio
644 753 927 817 secunda
987 753 1158 834 legio
1225 752 1490 818 inmissa
1558 753 1901 836 dissipavit
1965 754 2373 836 phalangem.
2439 774 2647 834 neque

234 842 367 905 ulla
426 841 787 905 evidentior
845 862 1041 906 causa
1099 842 1411 905 victoriae
1466 842 1609 918 suit,
1670 863 1862 923 quam
1920 844 2090 923 quod
2148 843 2347 907 multa
2403 843 2646 925 passim

235 931 481 1012 proelia
538 939 736 1011 erant,
794 950 960 1011 quae
1018 929 1437 995 fluctuantem
1492 933 1831 996 turbarunt
1885 932 2107 1014 primo,
2165 931 2401 996 deinde
2455 932 2642 996 disie-

237 1028 459 1084 cerunt
513 1019 926 1103 phalangem,
985 1021 1165 1085 cuius
1221 1020 1547 1085 confertae
1606 1030 1669 1084 et
1727 1021 1990 1085 intentis
2056 1021 2375 1085 horrentis
2442 1021 2648 1085 hastis

236 1109 677 1173 intolerabiles
742 1110 915 1173 vires
982 1118 1152 1193 sunt;
1227 1111 1284 1175 si
1352 1109 1625 1192 carptim
1692 1110 2137 1191 adgrediendo
2207 1110 2646 1191 circumagere

235 1198 607 1262 inmobilem
656 1199 1063 1281 longitudine
1102 1206 1165 1263 et
1211 1199 1539 1282 gravitate
1586 1199 1841 1264 hastam
1891 1219 2109 1282 cogas
2158 1199 2429 1263 confusa
2476 1211 2649 1263 strue

236 1288 649 1370 inplicantur3
702 1288 758 1353 si
807 1308 958 1352 vero
999 1295 1110 1352 aut
1157 1289 1239 1351 ab
1287 1288 1489 1352 latere
1528 1296 1640 1352 aut
1688 1289 1769 1352 ab
1818 1295 2000 1371 tergo
2049 1288 2296 1370 aliquid
2341 1289 2650 1352 tumultus

240 1377 577 1459 increpuit,
623 1377 848 1442 ruinae
889 1378 1078 1441 modo
1117 1379 1476 1454 turbantur,
1529 1377 1695 1442 sicut
1732 1384 1868 1441 tum
1908 1379 2220 1442 adversus
2269 1378 2648 1442 catervatim

240 1467 640 1530 incurrentes
706 1469 1048 1545 Romanos,
1116 1474 1197 1530 'et
1263 1466 1619 1551 interrupta
1684 1466 2100 1531 multifariam
2165 1468 2323 1548 acie,
2390 1467 2648 1530 obviam

238 1556 329 1619 ire
389 1557 814 1638 cogebantur3
864 1564 928 1620 et
985 1556 1276 1635 Romani,
1333 1575 1737 1637 quacumque
1795 1555 1950 1620 data
2006 1556 2353 1621 intervalla
2411 1563 2645 1635 essent,

239 1645 659 1710 insinuabant
697 1646 957 1710 ordines
995 1664 1166 1710 suos.
1219 1645 1327 1726 qui
1375 1646 1429 1709 si
1476 1647 1781 1710 universa
1819 1645 1961 1709 acie
1998 1645 2065 1708 in
2101 1645 2378 1709 frontem
2424 1646 2648 1709 adver-

238 1754 347 1798 sus
404 1735 784 1798 instructam
849 1734 1242 1817 phalangem
1309 1735 1801 1814 concurrissent,
1862 1733 2033 1815 quod
2088 1734 2421 1816 Paelignis
2460 1734 2649 1816 ,prin-

239 1823 407 1905 cipio
471 1844 730 1906 pugnae
796 1824 1054 1888 incaute
1121 1824 1489 1905 congressis
1556 1825 1873 1889 adversus
1930 1830 2209 1888 cetratos
2265 1823 2499 1899 evenit,
2556 1824 2646 1886 in-

242 1913 534 1977 duissent
584 1934 652 1977 se
701 1913 906 1977 hastis
954 1933 1074 1977 nec
1122 1911 1475 1977 confertam
1532 1913 1738 1977 aciem
1788 1913 2258 1978 sustinuissent.

449 2003 652 2067 XLII.
703 2002 998 2068 Ceterum
1055 2002 1220 2067 sicut
1275 2003 1563 2086 peditum
1620 2002 1862 2084 passim
1911 2002 2147 2067 caedes
2205 2001 2465 2076 fiebant,
2522 2000 2649 2064 nisi

247 2091 356 2172 qui
407 2092 680 2157 abiectis
725 2093 922 2157 armis
970 2091 1291 2174 fugerunt,
1347 2093 1439 2157 sic
1488 2097 1814 2173 equitatus
1870 2111 2068 2174 prope
2124 2091 2375 2173 integer
2430 2111 2648 2173 pugna

242 2183 538 2246 excessit.
587 2184 889 2264 princeps
937 2181 1131 2264 fugae
1178 2204 1294 2247 rex
1332 2183 1472 2265 ipse
1523 2191 1675 2246 erat.
1721 2182 1849 2245 iam
1901 2203 1939 2244 a
1977 2182 2209 2263 Pydna
2256 2201 2398 2244 cum
2448 2180 2648 2245 sacris

244 2270 365 2332 alis
423 2271 708 2351 equitum
765 2272 1009 2336 Pellam
1067 2272 1358 2355 petebat3
1427 2271 1765 2336 confestim
1833 2290 1940 2335 eos
2004 2271 2199 2352 Cotys
2265 2271 2649 2351 sequebatur

244 2359 769 2442 Odrysarumque
800 2362 1138 2443 equitatus.
1177 2368 1429 2425 ceterae
1459 2381 1712 2442 quoque
1742 2360 2172 2424 Macedonum
2203 2360 2348 2423 alae
2376 2360 2647 2442 integris

460 2606 506 2655 1.
565 2606 834 2677 expieudo,
895 2611 963 2674 cf.
1029 2609 1320 2662 Gitlbauer
1365 2626 1425 2676 p.
1482 2610 1558 2662 68
1614 2608 1910 2678 (explendo
1958 2608 2037 2661 ed.
2086 2608 2222 2660 Bas.
2272 2608 2455 2673 1531),
2514 2621 2651 2660 corr.

251 2689 549 2743 Turnebus,
595 2693 602 2760 Ι
647 2700 902 2759 agantur,
940 2712 1077 2748 corr.
1116 2697 1393 2764 SiyoniuS.
1437 2700 1443 2762 Ι
1487 2700 1536 2750 2.
1578 2695 2053 2767 elephantossmace
2093 2695 2401 2763 (elephanti
2440 2694 2495 2746 in
2535 2693 2654 2747 acie

245 2778 324 2832 ed.
366 2780 502 2831 Bas,
543 2783 722 2847 1531),
771 2781 1306 2849 elephantomachoe
1343 2785 1549 2838 Hartel
1586 2804 1646 2852 p.
1703 2789 1793 2848 59,
1844 2785 2384 2853 elephantomachae
2430 2784 2487 2836 in
2534 2782 2653 2836 acie

244 2868 480 2922 Harant
506 2886 565 2937 p.
607 2873 744 2937 279,
785 2873 854 2939 cf.
895 2871 969 2922 H.
1010 2871 1060 2922 I.
1099 2872 1312 2924 Bluller
1350 2889 1480 2926 ann.
1522 2876 1704 2927 Berol.
1746 2877 1900 2925 1889
1926 2891 1987 2941 10·
2032 2878 2123 2925 43.
2169 2874 2175 2940 Ι
2220 2873 2269 2925 3.
2308 2872 2653 2925 nomensinc-

244 2963 531 3025 tantousu,
569 2976 769 3013 nomen
807 2966 1025 3013 tantum
1065 2960 1183 3013 sine
1223 2976 1327 3012 usu
1367 2961 1446 3013 ed.
1483 2963 1619 3015 Bas.
1659 2965 1818 3017 1531.
1871 2964 1877 3028 Ι
1928 2962 1978 3014 4.
2019 2963 2203 3015 sociis.
2248 2963 2254 3029 Ι
2297 2962 2654 3028 pepulerunt-

244 3064 407 3116 quae.
442 3051 450 3116 Ι
482 3048 684 3116 leuom,
716 3049 936 3103 laevum
967 3050 1047 3103 ed.
1077 3050 1215 3102 Bas.
1245 3051 1404 3101 1531.
1439 3053 1446 3114 Ι
1482 3051 1531 3102 5.
1558 3051 1972 3119 legioinmassa,
2004 3052 2072 3118 cf.
2109 3050 2402 3103 Gitlbauer
2428 3066 2488 3116 p.
2528 3052 2560 3101 7
2569 3053 2648 3120 7.Ι

246 3139 294 3191 6.
327 3137 475 3201 fuitt.
513 3140 519 3205 Ι
554 3152 798 3203 passum.
834 3142 840 3204 Ι
877 3140 922 3191 7.
955 3139 1263 3192 turbarent.
1299 3138 1306 3205 Ι
1340 3139 1390 3190 8.
1420 3137 2246 3210 phalangellcumiusconfertae.
2283 3140 2289 3206 Ι
2324 3137 2647 3208 horrendis!

247 3227 295 3279 9.
336 3226 766 3294 adgrediendos,
807 3228 1194 3295 adgrediendo
1233 3243 1330 3280 eos
1368 3228 1507 3281 coni.
1537 3227 1775 3280 Harant
1799 3244 1858 3294 p.
1892 3230 2015 3281 280
2074 3230 2081 3294 Ι
2146 3228 2225 3280 10.
2265 3223 2655 3297 longitudissne-

250 3316 690 3383 megrauidatae‚
731 3332 868 3369 corr.
909 3317 989 3369 ed.
1019 3318 1158 3369 Bas.
1198 3318 1363 3368 1531.
1426 3318 1433 3383 Ι
1494 3316 1689 3369 hastas
1728 3317 1867 3368 coni.
1909 3316 1960 3368 Ι.
1984 3316 2053 3368 F.
2090 3316 2416 3369 Gronovius.
2477 3315 2485 3383 Ι
2548 3312 2654 3383 col!-

252 3404 536 3459 fu·satrue.
574 3407 581 3473 Ι
618 3406 700 3458 11.
741 3406 930 3475 aliqui.
975 3407 981 3473 Ι
1029 3407 1107 3458 12.
1147 3403 1867 3477 modoturbamssturbantur.
1911 3410 1918 3470 Ι
1963 3406 2045 3458 13.
2093 3406 2439 3459 incurrentes
2485 3420 2657 3469 supra

255 3509 289 3544 0
318 3496 515 3563 scripto
542 3512 588 3549 e.
625 3497 631 3564 Ι
667 3495 1028 3550 obuiaminre.
1065 3497 1071 3563 Ι
1109 3495 1190 3548 15.
1223 3495 1540 3549 ordinesuo.
1574 3498 1581 3562 Ι
1619 3495 1699 3550 16.
1731 3489 2650 3564 concutrissentpquodnpelignisl

260 3583 340 3635 17.
378 3584 655 3639 incautae.
711 3585 717 3652 Ι
771 3585 853 3638 18.
894 3584 1457 3649 hastisinconfertam,
1498 3601 1635 3639 corr.
1674 3584 1755 3637 ed.
1786 3584 1923 3636 Bag.
1955 3587 2112 3637 1531.
2148 3585 2155 3650 Ι
2192 3584 2274 3635 19.
2312 3582 2487 3635 fiebat
2518 3580 2655 3633 coni.

256 3672 488 3725 Harant
514 3691 573 3741 p.
617 3676 753 3729 280.
804 3675 814 3741 Ι
865 3674 950 3727 21.
991 3674 1142 3742 fuga.
1197 3674 1203 3741 Ι
1253 3674 1339 3727 22.
1380 3674 1522 3727 aliis
1567 3674 1574 3741 Ι
1616 3673 2188 3739 confestimcostocus,
2228 3670 2520 3725 confestim
2561 3682 2659 3719 eos

258 3762 430 3831 Cotys
465 3764 583 3816 Iac.
629 3763 954 3818 Gronovius.
991 3763 996 3833 Ι
1031 3764 1117 3816 23.
1156 3762 1855 3832 aleaeintegrishabebant‚
1894 3778 2030 3816 corr.
2080 3761 2158 3814 ed.
2200 3760 2333 3812 Bas,
2372 3760 2517 3810 1531
2564 3756 2657 3822 (cf.

263 3853 555 3906 Gitlbauer
579 3870 640 3920 p.
688 3855 795 3922 77).
832 3855 839 3920 Ι

1324 3952 1344 3982 5

2713 2023 2736 2065 1

2713 2200 2739 2242 2

2710 2378 2736 2420 3
