<?xml version="1.0" encoding="UTF-8"?>
<!DOCTYPE html PUBLIC "-//W3C//DTD XHTML 1.0 Transitional//EN"
    "http://www.w3.org/TR/xhtml1/DTD/xhtml1-transitional.dtd">
<html xmlns="http://www.w3.org/1999/xhtml" xml:lang="en" lang="en">
 <head>
  <title>
</title>
<meta http-equiv="Content-Type" content="text/html;charset=utf-8" />
  <meta name='ocr-system' content='tesseract 3.04.00' />
  <meta name='ocr-capabilities' content='ocr_page ocr_carea ocr_par ocr_line ocrx_word'/>
</head>
<body>
  <div class='ocr_page' id='page_1' title='image "./tliviaburbecond01zinggoog_0100.png"; bbox 0 0 3005 4257; ppageno 0'>
   <div class='ocr_carea' id='block_1_1' title="bbox 470 118 2325 188">
    <p class='ocr_par' dir='ltr' id='par_1_1' title="bbox 470 118 2325 188">
     <span class='ocr_line' id='line_1_1' title="bbox 470 118 2325 188; baseline 0.003 -19"><span class='ocrx_word' id='word_1_1' title='bbox 470 119 553 182; x_wconf 79' lang='lat'>82</span> <span class='ocrx_word' id='word_1_2' title='bbox 1006 118 1226 172; x_wconf 74' lang='lat' dir='ltr'>LIBER</span> <span class='ocrx_word' id='word_1_3' title='bbox 1259 120 1426 173; x_wconf 89' lang='lat' dir='ltr'>XLII.</span> <span class='ocrx_word' id='word_1_4' title='bbox 1466 121 1619 173; x_wconf 92' lang='lat' dir='ltr'>CAP.</span> <span class='ocrx_word' id='word_1_5' title='bbox 1657 122 1741 173; x_wconf 86' lang='lat'>64.</span> <span class='ocrx_word' id='word_1_6' title='bbox 1780 124 1863 174; x_wconf 88' lang='grc'>65.</span> <span class='ocrx_word' id='word_1_7' title='bbox 1905 118 1974 188; x_wconf 89' lang='lat' dir='ltr'>[a.</span> <span class='ocrx_word' id='word_1_8' title='bbox 2013 122 2076 175; x_wconf 88' lang='lat' dir='ltr'>U.</span> <span class='ocrx_word' id='word_1_9' title='bbox 2117 139 2161 174; x_wconf 79' lang='lat' dir='ltr'>c,</span> <span class='ocrx_word' id='word_1_10' title='bbox 2201 118 2325 187; x_wconf 81' lang='lat'>583]</span> 
     </span>
    </p>
   </div>
   <div class='ocr_carea' id='block_1_2' title="bbox 393 289 2945 1414">
    <p class='ocr_par' dir='ltr' id='par_1_2' title="bbox 417 289 2896 463">
     <span class='ocr_line' id='line_1_2' title="bbox 417 289 2896 373; baseline 0 -19"><span class='ocrx_word' id='word_1_11' title='bbox 417 311 481 349; x_wconf 69' lang='grc' dir='ltr'>τ.</span> <span class='ocrx_word' id='word_1_12' title='bbox 676 289 1003 354; x_wconf 87' lang='lat' dir='ltr'>Demessis</span> <span class='ocrx_word' id='word_1_13' title='bbox 1073 291 1240 354; x_wconf 90' lang='lat' dir='ltr'>circa</span> <span class='ocrx_word' id='word_1_14' title='bbox 1309 291 1631 373; x_wconf 87' lang='lat' dir='ltr'>segetibus</span> <span class='ocrx_word' id='word_1_15' title='bbox 1678 292 1942 355; x_wconf 88' lang='lat' dir='ltr'>Romani</span> <span class='ocrx_word' id='word_1_16' title='bbox 2004 292 2087 356; x_wconf 92' lang='lat' dir='ltr'>ad</span> <span class='ocrx_word' id='word_1_17' title='bbox 2148 292 2499 372; x_wconf 89' lang='lat' dir='ltr'>Crannona,</span> <span class='ocrx_word' id='word_1_18' title='bbox 2561 293 2896 356; x_wconf 28' lang='lat' dir='ltr'>intactum*</span> 
     </span>
     <span class='ocr_line' id='line_1_3' title="bbox 473 378 2878 479; baseline 0 -39"><span class='ocrx_word' id='word_1_19' title='bbox 473 397 714 477; x_wconf 80' lang='lat' dir='ltr'>agrum,</span> <span class='ocrx_word' id='word_1_20' title='bbox 763 384 970 441; x_wconf 89' lang='lat' dir='ltr'>castra</span> <span class='ocrx_word' id='word_1_21' title='bbox 1014 385 1288 442; x_wconf 86' lang='lat' dir='ltr'>movent.</span> <span class='ocrx_word' id='word_1_22' title='bbox 1336 378 1424 442; x_wconf 92' lang='lat' dir='ltr'>ibi</span> <span class='ocrx_word' id='word_1_23' title='bbox 1469 398 1612 442; x_wconf 92' lang='lat' dir='ltr'>cum</span> <span class='ocrx_word' id='word_1_24' title='bbox 1658 379 1861 442; x_wconf 91' lang='lat' dir='ltr'>securi</span> <span class='ocrx_word' id='word_1_25' title='bbox 1908 386 1970 443; x_wconf 92' lang='lat' dir='ltr'>et</span> <span class='ocrx_word' id='word_1_26' title='bbox 2011 386 2270 478; x_wconf 87' lang='lat' dir='ltr'>propter</span> <span class='ocrx_word' id='word_1_27' title='bbox 2336 379 2878 479; x_wconf 81' lang='lat' dir='ltr'>longinquitatem</span> 
     </span>
    </p>

    <p class='ocr_par' dir='ltr' id='par_1_3' title="bbox 417 463 2928 809">
     <span class='ocr_line' id='line_1_4' title="bbox 417 463 2878 563; baseline 0.002 -41"><span class='ocrx_word' id='word_1_28' title='bbox 417 484 443 522; x_wconf 88' lang='lat'>8</span> <span class='ocrx_word' id='word_1_29' title='bbox 472 471 536 528; x_wconf 91' lang='lat' dir='ltr'>et</span> <span class='ocrx_word' id='word_1_30' title='bbox 564 463 709 528; x_wconf 87' lang='lat' dir='ltr'>viae</span> <span class='ocrx_word' id='word_1_31' title='bbox 738 463 944 548; x_wconf 90' lang='lat' dir='ltr'>inopis</span> <span class='ocrx_word' id='word_1_32' title='bbox 976 484 1281 563; x_wconf 80' lang='lat' dir='ltr'>aquarum</span> <span class='ocrx_word' id='word_1_33' title='bbox 1312 463 1765 545; x_wconf 86' lang='lat' dir='ltr'>difficultatem,</span> <span class='ocrx_word' id='word_1_34' title='bbox 1800 485 1960 546; x_wconf 91' lang='lat' dir='ltr'>quae</span> <span class='ocrx_word' id='word_1_35' title='bbox 2007 466 2168 529; x_wconf 91' lang='lat' dir='ltr'>inter</span> <span class='ocrx_word' id='word_1_36' title='bbox 2200 465 2536 548; x_wconf 87' lang='lat' dir='ltr'>Sycurium</span> <span class='ocrx_word' id='word_1_37' title='bbox 2582 473 2644 530; x_wconf 89' lang='lat' dir='ltr'>et</span> <span class='ocrx_word' id='word_1_38' title='bbox 2676 465 2878 529; x_wconf 89' lang='lat' dir='ltr'>Cran-</span> 
     </span>
     <span class='ocr_line' id='line_1_5' title="bbox 471 550 2876 636; baseline 0.001 -23"><span class='ocrx_word' id='word_1_39' title='bbox 471 570 639 614; x_wconf 89' lang='lat' dir='ltr'>nona</span> <span class='ocrx_word' id='word_1_40' title='bbox 705 558 818 631; x_wconf 90' lang='lat' dir='ltr'>est,</span> <span class='ocrx_word' id='word_1_41' title='bbox 866 550 1097 614; x_wconf 88' lang='lat' dir='ltr'>stativa</span> <span class='ocrx_word' id='word_1_42' title='bbox 1142 550 1466 632; x_wconf 90' lang='lat' dir='ltr'>haberent,</span> <span class='ocrx_word' id='word_1_43' title='bbox 1520 560 1777 635; x_wconf 88' lang='lat' dir='ltr'>repente</span> <span class='ocrx_word' id='word_1_44' title='bbox 1821 552 2024 636; x_wconf 90' lang='lat' dir='ltr'>prima</span> <span class='ocrx_word' id='word_1_45' title='bbox 2068 552 2207 616; x_wconf 91' lang='lat' dir='ltr'>luce</span> <span class='ocrx_word' id='word_1_46' title='bbox 2261 553 2332 615; x_wconf 73' lang='lat' dir='ltr'>in</span> <span class='ocrx_word' id='word_1_47' title='bbox 2397 551 2876 616; x_wconf 81' lang='lat' dir='ltr'>imminentibus</span> 
     </span>
     <span class='ocr_line' id='line_1_6' title="bbox 470 637 2928 721; baseline -0.001 -20"><span class='ocrx_word' id='word_1_48' title='bbox 470 637 725 701; x_wconf 91' lang='lat' dir='ltr'>tumulis</span> <span class='ocrx_word' id='word_1_49' title='bbox 809 637 1125 719; x_wconf 80' lang='lat' dir='ltr'>equitatus</span> <span class='ocrx_word' id='word_1_50' title='bbox 1192 637 1406 719; x_wconf 91' lang='lat' dir='ltr'>regius</span> <span class='ocrx_word' id='word_1_51' title='bbox 1490 658 1633 702; x_wconf 90' lang='lat' dir='ltr'>cum</span> <span class='ocrx_word' id='word_1_52' title='bbox 1700 638 1823 702; x_wconf 89' lang='lat' dir='ltr'>levi</span> <span class='ocrx_word' id='word_1_53' title='bbox 1907 646 2224 702; x_wconf 89' lang='lat' dir='ltr'>armatura</span> <span class='ocrx_word' id='word_1_54' title='bbox 2291 639 2464 702; x_wconf 86' lang='lat' dir='ltr'>visus</span> <span class='ocrx_word' id='word_1_55' title='bbox 2539 638 2875 721; x_wconf 91' lang='lat' dir='ltr'>ingentem</span> <span class='ocrx_word' id='word_1_56' title='bbox 2903 660 2928 698; x_wconf 90' lang='lat'>5</span> 
     </span>
     <span class='ocr_line' id='line_1_7' title="bbox 471 723 2870 809; baseline 0.001 -23"><span class='ocrx_word' id='word_1_57' title='bbox 471 725 802 787; x_wconf 89' lang='lat' dir='ltr'>tumultum</span> <span class='ocrx_word' id='word_1_58' title='bbox 849 723 1015 787; x_wconf 85' lang='lat' dir='ltr'>fecit.</span> <span class='ocrx_word' id='word_1_59' title='bbox 1078 724 1280 808; x_wconf 85' lang='lat' dir='ltr'>pridie</span> <span class='ocrx_word' id='word_1_60' title='bbox 1342 745 1456 808; x_wconf 92' lang='lat' dir='ltr'>per</span> <span class='ocrx_word' id='word_1_61' title='bbox 1499 723 1826 789; x_wconf 87' lang='lat' dir='ltr'>meridiem</span> <span class='ocrx_word' id='word_1_62' title='bbox 1886 725 2152 809; x_wconf 90' lang='lat' dir='ltr'>profecti</span> <span class='ocrx_word' id='word_1_63' title='bbox 2212 725 2293 789; x_wconf 91' lang='lat' dir='ltr'>ab</span> <span class='ocrx_word' id='word_1_64' title='bbox 2341 725 2606 807; x_wconf 80' lang='lat' dir='ltr'>Sycurio</span> <span class='ocrx_word' id='word_1_65' title='bbox 2653 732 2870 806; x_wconf 82' lang='lat' dir='ltr'>erant3</span> 
     </span>
    </p>

    <p class='ocr_par' dir='ltr' id='par_1_4' title="bbox 419 810 2873 1068">
     <span class='ocr_line' id='line_1_8' title="bbox 419 810 2873 895; baseline 0.002 -25"><span class='ocrx_word' id='word_1_66' title='bbox 419 835 441 870; x_wconf 85' lang='lat'>9</span> <span class='ocrx_word' id='word_1_67' title='bbox 470 810 753 894; x_wconf 90' lang='lat' dir='ltr'>peditum</span> <span class='ocrx_word' id='word_1_68' title='bbox 799 831 1031 891; x_wconf 82' lang='lat' dir='ltr'>agmen</span> <span class='ocrx_word' id='word_1_69' title='bbox 1078 811 1193 875; x_wconf 89' lang='lat' dir='ltr'>sub</span> <span class='ocrx_word' id='word_1_70' title='bbox 1240 811 1444 875; x_wconf 92' lang='lat' dir='ltr'>lucem</span> <span class='ocrx_word' id='word_1_71' title='bbox 1488 811 1873 891; x_wconf 88' lang='lat' dir='ltr'>reliquerant</span> <span class='ocrx_word' id='word_1_72' title='bbox 1918 811 1982 874; x_wconf 94' lang='lat' dir='ltr'>in</span> <span class='ocrx_word' id='word_1_73' title='bbox 2019 832 2329 895; x_wconf 82' lang='lat' dir='ltr'>proxuma</span> <span class='ocrx_word' id='word_1_74' title='bbox 2361 811 2640 895; x_wconf 87' lang='lat' dir='ltr'>planitie.</span> <span class='ocrx_word' id='word_1_75' title='bbox 2691 811 2873 876; x_wconf 90' lang='lat' dir='ltr'>stetit</span> 
     </span>
     <span class='ocr_line' id='line_1_9' title="bbox 470 897 2872 982; baseline 0 -22"><span class='ocrx_word' id='word_1_76' title='bbox 470 897 791 981; x_wconf 81' lang='lat' dir='ltr'>paulisper</span> <span class='ocrx_word' id='word_1_77' title='bbox 836 898 1105 960; x_wconf 72' lang='lat' dir='ltr'>Perseus</span> <span class='ocrx_word' id='word_1_78' title='bbox 1148 897 1212 960; x_wconf 94' lang='lat' dir='ltr'>in</span> <span class='ocrx_word' id='word_1_79' title='bbox 1258 897 1533 977; x_wconf 91' lang='lat' dir='ltr'>tumulis,</span> <span class='ocrx_word' id='word_1_80' title='bbox 1592 897 1734 962; x_wconf 93' lang='lat' dir='ltr'>elici</span> <span class='ocrx_word' id='word_1_81' title='bbox 1779 917 1968 982; x_wconf 90' lang='lat' dir='ltr'>posse</span> <span class='ocrx_word' id='word_1_82' title='bbox 2027 905 2201 962; x_wconf 91' lang='lat' dir='ltr'>ratus</span> <span class='ocrx_word' id='word_1_83' title='bbox 2262 897 2346 961; x_wconf 91' lang='lat' dir='ltr'>ad</span> <span class='ocrx_word' id='word_1_84' title='bbox 2400 904 2689 979; x_wconf 89' lang='lat' dir='ltr'>equestre</span> <span class='ocrx_word' id='word_1_85' title='bbox 2736 918 2872 961; x_wconf 91' lang='lat' dir='ltr'>cer-</span> 
     </span>
     <span class='ocr_line' id='line_1_10' title="bbox 470 983 2867 1068; baseline 0.001 -22"><span class='ocrx_word' id='word_1_86' title='bbox 470 991 682 1048; x_wconf 88' lang='lat' dir='ltr'>tamen</span> <span class='ocrx_word' id='word_1_87' title='bbox 733 983 1087 1068; x_wconf 89' lang='lat' dir='ltr'>Romanos;</span> <span class='ocrx_word' id='word_1_88' title='bbox 1152 984 1260 1065; x_wconf 89' lang='lat' dir='ltr'>qui</span> <span class='ocrx_word' id='word_1_89' title='bbox 1305 991 1644 1068; x_wconf 88' lang='lat' dir='ltr'>postquam</span> <span class='ocrx_word' id='word_1_90' title='bbox 1704 984 1862 1046; x_wconf 85' lang='lat' dir='ltr'>nibil</span> <span class='ocrx_word' id='word_1_91' title='bbox 1923 985 2280 1064; x_wconf 88' lang='lat' dir='ltr'>movebant,</span> <span class='ocrx_word' id='word_1_92' title='bbox 2329 986 2606 1066; x_wconf 88' lang='lat' dir='ltr'>equitem</span> <span class='ocrx_word' id='word_1_93' title='bbox 2651 984 2867 1064; x_wconf 91' lang='lat' dir='ltr'>mittit,</span> 
     </span>
    </p>

    <p class='ocr_par' dir='ltr' id='par_1_5' title="bbox 393 1068 2945 1414">
     <span class='ocr_line' id='line_1_11' title="bbox 393 1068 2945 1155; baseline 0 -27"><span class='ocrx_word' id='word_1_94' title='bbox 393 1092 442 1129; x_wconf 82' lang='grc' dir='ltr'>ιο</span> <span class='ocrx_word' id='word_1_95' title='bbox 471 1068 580 1150; x_wconf 90' lang='lat' dir='ltr'>qui</span> <span class='ocrx_word' id='word_1_96' title='bbox 626 1068 871 1154; x_wconf 86' lang='lat' dir='ltr'>pedites</span> <span class='ocrx_word' id='word_1_97' title='bbox 915 1070 1148 1135; x_wconf 90' lang='lat' dir='ltr'>referre</span> <span class='ocrx_word' id='word_1_98' title='bbox 1201 1070 1285 1133; x_wconf 90' lang='lat' dir='ltr'>ad</span> <span class='ocrx_word' id='word_1_99' title='bbox 1347 1071 1685 1152; x_wconf 75' lang='lat' dir='ltr'>Sycurium</span> <span class='ocrx_word' id='word_1_100' title='bbox 1745 1071 1930 1153; x_wconf 89' lang='lat' dir='ltr'>signa</span> <span class='ocrx_word' id='word_1_101' title='bbox 1989 1071 2262 1154; x_wconf 89' lang='lat' dir='ltr'>iuberet;</span> <span class='ocrx_word' id='word_1_102' title='bbox 2326 1071 2461 1155; x_wconf 92' lang='lat' dir='ltr'>ipse</span> <span class='ocrx_word' id='word_1_103' title='bbox 2508 1092 2656 1135; x_wconf 82' lang='lat' dir='ltr'>mox</span> <span class='ocrx_word' id='word_1_104' title='bbox 2701 1071 2870 1136; x_wconf 90' lang='lat' dir='ltr'>inse·</span> <span class='ocrx_word' id='word_1_105' title='bbox 2899 1094 2945 1129; x_wconf 79' lang='grc' dir='ltr'>ιο</span> 
     </span>
     <span class='ocr_line' id='line_1_12' title="bbox 470 1156 2869 1241; baseline 0 -21"><span class='ocrx_word' id='word_1_106' title='bbox 470 1164 667 1220; x_wconf 78' lang='lat' dir='ltr'>cutus,</span> <span class='ocrx_word' id='word_1_107' title='bbox 708 1157 983 1220; x_wconf 61' lang='lat' dir='ltr'>„Romani</span> <span class='ocrx_word' id='word_1_108' title='bbox 1029 1157 1290 1240; x_wconf 87' lang='lat' dir='ltr'>equites,</span> <span class='ocrx_word' id='word_1_109' title='bbox 1335 1156 1586 1222; x_wconf 91' lang='lat' dir='ltr'>modico</span> <span class='ocrx_word' id='word_1_110' title='bbox 1647 1157 1980 1222; x_wconf 86' lang='lat' dir='ltr'>intervallo</span> <span class='ocrx_word' id='word_1_111' title='bbox 2041 1165 2395 1239; x_wconf 90' lang='lat' dir='ltr'>sequentes,</span> <span class='ocrx_word' id='word_1_112' title='bbox 2443 1157 2644 1221; x_wconf 78' lang='lat' dir='ltr'>sicubi</span> <span class='ocrx_word' id='word_1_113' title='bbox 2691 1177 2869 1241; x_wconf 89' lang='lat' dir='ltr'>spar-</span> 
     </span>
     <span class='ocr_line' id='line_1_13' title="bbox 470 1242 2864 1327; baseline 0.001 -20"><span class='ocrx_word' id='word_1_114' title='bbox 470 1262 574 1307; x_wconf 91' lang='lat' dir='ltr'>sos</span> <span class='ocrx_word' id='word_1_115' title='bbox 621 1264 697 1306; x_wconf 91' lang='lat' dir='ltr'>ac</span> <span class='ocrx_word' id='word_1_116' title='bbox 752 1242 1092 1327; x_wconf 91' lang='lat' dir='ltr'>dissipatos</span> <span class='ocrx_word' id='word_1_117' title='bbox 1160 1243 1461 1308; x_wconf 84' lang='lat' dir='ltr'>invadere</span> <span class='ocrx_word' id='word_1_118' title='bbox 1529 1251 1806 1327; x_wconf 88' lang='lat' dir='ltr'>possent,</span> <span class='ocrx_word' id='word_1_119' title='bbox 1875 1251 2210 1327; x_wconf 90' lang='lat' dir='ltr'>postquam</span> <span class='ocrx_word' id='word_1_120' title='bbox 2278 1244 2595 1309; x_wconf 89' lang='lat' dir='ltr'>confertos</span> <span class='ocrx_word' id='word_1_121' title='bbox 2663 1244 2864 1325; x_wconf 89' lang='lat' dir='ltr'>abire,</span> 
     </span>
     <span class='ocr_line' id='line_1_14' title="bbox 469 1328 2861 1414; baseline 0.001 -22"><span class='ocrx_word' id='word_1_122' title='bbox 469 1329 655 1410; x_wconf 88' lang='lat' dir='ltr'>signa</span> <span class='ocrx_word' id='word_1_123' title='bbox 700 1337 889 1409; x_wconf 91' lang='lat' dir='ltr'>atque</span> <span class='ocrx_word' id='word_1_124' title='bbox 922 1329 1173 1394; x_wconf 87' lang='lat' dir='ltr'>ordines</span> <span class='ocrx_word' id='word_1_125' title='bbox 1213 1338 1539 1395; x_wconf 85' lang='lat' dir='ltr'>servantes</span> <span class='ocrx_word' id='word_1_126' title='bbox 1570 1330 1880 1410; x_wconf 86' lang='lat' dir='ltr'>viderunt,</span> <span class='ocrx_word' id='word_1_127' title='bbox 1929 1338 1991 1394; x_wconf 93' lang='lat' dir='ltr'>et</span> <span class='ocrx_word' id='word_1_128' title='bbox 2036 1330 2158 1414; x_wconf 90' lang='lat' dir='ltr'>ipsi</span> <span class='ocrx_word' id='word_1_129' title='bbox 2203 1331 2268 1393; x_wconf 91' lang='lat' dir='ltr'>in</span> <span class='ocrx_word' id='word_1_130' title='bbox 2322 1338 2529 1395; x_wconf 91' lang='lat' dir='ltr'>castra</span> <span class='ocrx_word' id='word_1_131' title='bbox 2574 1328 2861 1395; x_wconf 91' lang='lat' dir='ltr'>redeunt.</span> 
     </span>
    </p>
   </div>
   <div class='ocr_carea' id='block_1_3' title="bbox 406 1449 2934 2660">
    <p class='ocr_par' dir='ltr' id='par_1_6' title="bbox 414 1449 2934 1619">
     <span class='ocr_line' id='line_1_15' title="bbox 414 1449 2864 1535; baseline 0.002 -26"><span class='ocrx_word' id='word_1_132' title='bbox 414 1474 434 1509; x_wconf 91' lang='lat'><strong>1</strong></span> <span class='ocrx_word' id='word_1_133' title='bbox 676 1449 871 1512; x_wconf 90' lang='lat' dir='ltr'>LXV.</span> <span class='ocrx_word' id='word_1_134' title='bbox 920 1449 1098 1529; x_wconf 91' lang='lat' dir='ltr'>Inde,</span> <span class='ocrx_word' id='word_1_135' title='bbox 1131 1449 1408 1515; x_wconf 87' lang='lat' dir='ltr'>offensus</span> <span class='ocrx_word' id='word_1_136' title='bbox 1439 1449 1901 1532; x_wconf 80' lang='lat' dir='ltr'>longinquitate</span> <span class='ocrx_word' id='word_1_137' title='bbox 1932 1450 2191 1531; x_wconf 80' lang='lat' dir='ltr'>itineris,</span> <span class='ocrx_word' id='word_1_138' title='bbox 2238 1471 2350 1514; x_wconf 83' lang='lat' dir='ltr'>rex</span> <span class='ocrx_word' id='word_1_139' title='bbox 2388 1450 2471 1513; x_wconf 89' lang='lat' dir='ltr'>ad</span> <span class='ocrx_word' id='word_1_140' title='bbox 2503 1451 2864 1535; x_wconf 91' lang='lat' dir='ltr'>Mopselum</span> 
     </span>
     <span class='ocr_line' id='line_1_16' title="bbox 469 1535 2934 1619; baseline -0.001 -20"><span class='ocrx_word' id='word_1_141' title='bbox 469 1542 677 1599; x_wconf 91' lang='lat' dir='ltr'>castra</span> <span class='ocrx_word' id='word_1_142' title='bbox 720 1535 948 1619; x_wconf 80' lang='lat' dir='ltr'>movit3</span> <span class='ocrx_word' id='word_1_143' title='bbox 1000 1543 1062 1600; x_wconf 90' lang='lat' dir='ltr'>et</span> <span class='ocrx_word' id='word_1_144' title='bbox 1106 1537 1395 1617; x_wconf 88' lang='lat' dir='ltr'>Romani,</span> <span class='ocrx_word' id='word_1_145' title='bbox 1443 1536 1749 1602; x_wconf 89' lang='lat' dir='ltr'>demessis</span> <span class='ocrx_word' id='word_1_146' title='bbox 1797 1536 2146 1601; x_wconf 83' lang='lat' dir='ltr'>Crannonis</span> <span class='ocrx_word' id='word_1_147' title='bbox 2193 1537 2535 1618; x_wconf 89' lang='lat' dir='ltr'>segetibus,</span> <span class='ocrx_word' id='word_1_148' title='bbox 2582 1538 2647 1600; x_wconf 93' lang='lat' dir='ltr'>in</span> <span class='ocrx_word' id='word_1_149' title='bbox 2694 1535 2860 1602; x_wconf 87' lang='lat' dir='ltr'>Pha·</span> <span class='ocrx_word' id='word_1_150' title='bbox 2888 1558 2934 1597; x_wconf 86' lang='lat'>15</span> 
     </span>
    </p>

    <p class='ocr_par' dir='ltr' id='par_1_7' title="bbox 415 1622 2859 1967">
     <span class='ocr_line' id='line_1_17' title="bbox 415 1622 2858 1706; baseline 0.002 -22"><span class='ocrx_word' id='word_1_151' title='bbox 415 1646 439 1683; x_wconf 85' lang='lat'>2</span> <span class='ocrx_word' id='word_1_152' title='bbox 467 1622 802 1685; x_wconf 92' lang='lat' dir='ltr'>lannaeum</span> <span class='ocrx_word' id='word_1_153' title='bbox 848 1642 1072 1704; x_wconf 90' lang='lat' dir='ltr'>agrum</span> <span class='ocrx_word' id='word_1_154' title='bbox 1116 1630 1459 1688; x_wconf 88' lang='lat' dir='ltr'>transeunt.</span> <span class='ocrx_word' id='word_1_155' title='bbox 1509 1623 1597 1687; x_wconf 90' lang='lat' dir='ltr'>ibi</span> <span class='ocrx_word' id='word_1_156' title='bbox 1643 1643 1785 1687; x_wconf 92' lang='lat' dir='ltr'>cum</span> <span class='ocrx_word' id='word_1_157' title='bbox 1824 1645 1904 1687; x_wconf 82' lang='lat' dir='ltr'>ex</span> <span class='ocrx_word' id='word_1_158' title='bbox 1948 1623 2280 1706; x_wconf 84' lang='lat' dir='ltr'>transfuga</span> <span class='ocrx_word' id='word_1_159' title='bbox 2339 1631 2679 1706; x_wconf 89' lang='lat' dir='ltr'>cognosset</span> <span class='ocrx_word' id='word_1_160' title='bbox 2723 1645 2858 1705; x_wconf 74' lang='lat' dir='ltr'>reX,</span> 
     </span>
     <span class='ocr_line' id='line_1_18' title="bbox 467 1708 2859 1794; baseline 0 -22"><span class='ocrx_word' id='word_1_161' title='bbox 467 1708 602 1773; x_wconf 88' lang='lat' dir='ltr'>sinc</span> <span class='ocrx_word' id='word_1_162' title='bbox 648 1709 776 1773; x_wconf 91' lang='lat' dir='ltr'>ullo</span> <span class='ocrx_word' id='word_1_163' title='bbox 823 1716 1065 1773; x_wconf 90' lang='lat' dir='ltr'>armato</span> <span class='ocrx_word' id='word_1_164' title='bbox 1117 1710 1434 1794; x_wconf 88' lang='lat' dir='ltr'>praesidio</span> <span class='ocrx_word' id='word_1_165' title='bbox 1488 1709 1726 1794; x_wconf 91' lang='lat' dir='ltr'>passim</span> <span class='ocrx_word' id='word_1_166' title='bbox 1771 1717 2081 1791; x_wconf 86' lang='lat' dir='ltr'>vagantes</span> <span class='ocrx_word' id='word_1_167' title='bbox 2126 1731 2241 1794; x_wconf 91' lang='lat' dir='ltr'>per</span> <span class='ocrx_word' id='word_1_168' title='bbox 2300 1730 2490 1791; x_wconf 90' lang='lat' dir='ltr'>agros</span> <span class='ocrx_word' id='word_1_169' title='bbox 2537 1712 2859 1775; x_wconf 87' lang='lat' dir='ltr'>Romanos</span> 
     </span>
     <span class='ocr_line' id='line_1_19' title="bbox 464 1795 2859 1878; baseline 0.001 -20"><span class='ocrx_word' id='word_1_170' title='bbox 464 1802 718 1875; x_wconf 91' lang='lat' dir='ltr'>metere,</span> <span class='ocrx_word' id='word_1_171' title='bbox 752 1814 894 1860; x_wconf 90' lang='lat' dir='ltr'>cum</span> <span class='ocrx_word' id='word_1_172' title='bbox 923 1795 1102 1861; x_wconf 79' lang='lat' dir='ltr'>mille</span> <span class='ocrx_word' id='word_1_173' title='bbox 1126 1797 1456 1878; x_wconf 90' lang='lat' dir='ltr'>equitibus,</span> <span class='ocrx_word' id='word_1_174' title='bbox 1484 1796 1729 1861; x_wconf 90' lang='lat' dir='ltr'>duobus</span> <span class='ocrx_word' id='word_1_175' title='bbox 1752 1796 2003 1860; x_wconf 89' lang='lat' dir='ltr'>milibus</span> <span class='ocrx_word' id='word_1_176' title='bbox 2029 1796 2349 1862; x_wconf 86' lang='lat' dir='ltr'>Thracum</span> <span class='ocrx_word' id='word_1_177' title='bbox 2380 1804 2442 1861; x_wconf 88' lang='lat' dir='ltr'>et</span> <span class='ocrx_word' id='word_1_178' title='bbox 2464 1797 2859 1862; x_wconf 83' lang='lat' dir='ltr'>Cretensium</span> 
     </span>
     <span class='ocr_line' id='line_1_20' title="bbox 463 1881 2857 1967; baseline 0.002 -23"><span class='ocrx_word' id='word_1_179' title='bbox 463 1881 800 1965; x_wconf 85' lang='lat' dir='ltr'>profectus,</span> <span class='ocrx_word' id='word_1_180' title='bbox 827 1903 987 1963; x_wconf 91' lang='lat' dir='ltr'>cum,</span> <span class='ocrx_word' id='word_1_181' title='bbox 1021 1890 1323 1963; x_wconf 84' lang='lat' dir='ltr'>quantum</span> <span class='ocrx_word' id='word_1_182' title='bbox 1352 1883 1713 1947; x_wconf 89' lang='lat' dir='ltr'>adcelerare</span> <span class='ocrx_word' id='word_1_183' title='bbox 1743 1890 2008 1967; x_wconf 91' lang='lat' dir='ltr'>poterat,</span> <span class='ocrx_word' id='word_1_184' title='bbox 2042 1884 2241 1948; x_wconf 89' lang='lat' dir='ltr'>effuso</span> <span class='ocrx_word' id='word_1_185' title='bbox 2273 1883 2526 1965; x_wconf 88' lang='lat' dir='ltr'>agmine</span> <span class='ocrx_word' id='word_1_186' title='bbox 2557 1883 2728 1963; x_wconf 88' lang='lat' dir='ltr'>isset,</span> <span class='ocrx_word' id='word_1_187' title='bbox 2771 1884 2857 1948; x_wconf 92' lang='lat' dir='ltr'>in-</span> 
     </span>
    </p>

    <p class='ocr_par' dir='ltr' id='par_1_8' title="bbox 410 1968 2929 2054">
     <span class='ocr_line' id='line_1_21' title="bbox 410 1968 2929 2054; baseline -0 -23"><span class='ocrx_word' id='word_1_188' title='bbox 410 1993 434 2031; x_wconf 89' lang='lat'><strong>3</strong></span> <span class='ocrx_word' id='word_1_189' title='bbox 462 1968 715 2052; x_wconf 86' lang='lat' dir='ltr'>proviso</span> <span class='ocrx_word' id='word_1_190' title='bbox 761 1968 1102 2051; x_wconf 88' lang='lat' dir='ltr'>adgressus</span> <span class='ocrx_word' id='word_1_191' title='bbox 1143 1977 1238 2034; x_wconf 90' lang='lat' dir='ltr'>est</span> <span class='ocrx_word' id='word_1_192' title='bbox 1275 1970 1613 2034; x_wconf 88' lang='lat' dir='ltr'>Romanos.</span> <span class='ocrx_word' id='word_1_193' title='bbox 1654 1969 1867 2033; x_wconf 89' lang='lat' dir='ltr'>iuncta</span> <span class='ocrx_word' id='word_1_194' title='bbox 1905 1970 2213 2051; x_wconf 89' lang='lat' dir='ltr'>vehicula,</span> <span class='ocrx_word' id='word_1_195' title='bbox 2261 1971 2560 2054; x_wconf 90' lang='lat' dir='ltr'>pleraque</span> <span class='ocrx_word' id='word_1_196' title='bbox 2607 1978 2854 2050; x_wconf 88' lang='lat' dir='ltr'>onusta,</span> <span class='ocrx_word' id='word_1_197' title='bbox 2884 1994 2929 2030; x_wconf 82' lang='lat'>20</span> 
     </span>
    </p>

    <p class='ocr_par' dir='ltr' id='par_1_9' title="bbox 407 2053 2858 2142">
     <span class='ocr_line' id='line_1_22' title="bbox 407 2053 2858 2142; baseline 0.001 -25"><span class='ocrx_word' id='word_1_198' title='bbox 407 2081 431 2117; x_wconf 86' lang='lat'>4</span> <span class='ocrx_word' id='word_1_199' title='bbox 461 2054 632 2120; x_wconf 90' lang='lat' dir='ltr'>mille</span> <span class='ocrx_word' id='word_1_200' title='bbox 648 2053 989 2120; x_wconf 88' lang='lat' dir='ltr'>admodum</span> <span class='ocrx_word' id='word_1_201' title='bbox 1005 2056 1352 2141; x_wconf 90' lang='lat' dir='ltr'>capiuntur,</span> <span class='ocrx_word' id='word_1_202' title='bbox 1372 2056 1642 2121; x_wconf 89' lang='lat' dir='ltr'>sescenti</span> <span class='ocrx_word' id='word_1_203' title='bbox 1659 2056 1854 2120; x_wconf 85' lang='lat' dir='ltr'>ferme</span> <span class='ocrx_word' id='word_1_204' title='bbox 1870 2056 2173 2121; x_wconf 91' lang='lat' dir='ltr'>homines.</span> <span class='ocrx_word' id='word_1_205' title='bbox 2186 2056 2490 2142; x_wconf 90' lang='lat' dir='ltr'>praedam</span> <span class='ocrx_word' id='word_1_206' title='bbox 2505 2056 2858 2122; x_wconf 89' lang='lat' dir='ltr'>custodien-</span> 
     </span>
    </p>

    <p class='ocr_par' dir='ltr' id='par_1_10' title="bbox 410 2141 2854 2401">
     <span class='ocr_line' id='line_1_23' title="bbox 410 2141 2852 2229; baseline 0.002 -23"><span class='ocrx_word' id='word_1_207' title='bbox 410 2169 434 2206; x_wconf 87' lang='lat'>5</span> <span class='ocrx_word' id='word_1_208' title='bbox 463 2141 612 2206; x_wconf 90' lang='lat' dir='ltr'>dam</span> <span class='ocrx_word' id='word_1_209' title='bbox 657 2142 1136 2223; x_wconf 90' lang='lat' dir='ltr'>ducendamque</span> <span class='ocrx_word' id='word_1_210' title='bbox 1180 2144 1247 2207; x_wconf 90' lang='lat' dir='ltr'>in</span> <span class='ocrx_word' id='word_1_211' title='bbox 1315 2151 1524 2208; x_wconf 89' lang='lat' dir='ltr'>castra</span> <span class='ocrx_word' id='word_1_212' title='bbox 1590 2143 1885 2208; x_wconf 90' lang='lat' dir='ltr'>trecentis</span> <span class='ocrx_word' id='word_1_213' title='bbox 1953 2143 2346 2208; x_wconf 83' lang='lat' dir='ltr'>Cretensium</span> <span class='ocrx_word' id='word_1_214' title='bbox 2414 2143 2621 2226; x_wconf 91' lang='lat' dir='ltr'>dedit;</span> <span class='ocrx_word' id='word_1_215' title='bbox 2694 2144 2852 2229; x_wconf 90' lang='lat' dir='ltr'>ipse,</span> 
     </span>
     <span class='ocr_line' id='line_1_24' title="bbox 461 2191 2854 2330; baseline 0.001 -38"><span class='ocrx_word' id='word_1_216' title='bbox 461 2237 758 2293; x_wconf 89' lang='lat' dir='ltr'>revocato</span> <span class='ocrx_word' id='word_1_217' title='bbox 812 2229 893 2293; x_wconf 91' lang='lat' dir='ltr'>ab</span> <span class='ocrx_word' id='word_1_218' title='bbox 940 2229 1142 2294; x_wconf 87' lang='lat' dir='ltr'>effusa</span> <span class='ocrx_word' id='word_1_219' title='bbox 1209 2230 1406 2295; x_wconf 91' lang='lat' dir='ltr'>caede</span> <span class='ocrx_word' id='word_1_220' title='bbox 1475 2230 1686 2312; x_wconf 88' lang='lat' dir='ltr'>equite</span> <span class='ocrx_word' id='word_1_221' title='bbox 1733 2237 1795 2293; x_wconf 92' lang='lat' dir='ltr'>et</span> <span class='ocrx_word' id='word_1_222' title='bbox 1861 2230 2118 2312; x_wconf 91' lang='lat' dir='ltr'>reliquis</span> <span class='ocrx_word' id='word_1_223' title='bbox 2185 2230 2487 2330; x_wconf 83' lang='lat' dir='ltr'>peditum,</span> <span class='ocrx_word' id='word_1_224' title='bbox 2537 2191 2709 2294; x_wconf 69' lang='lat' dir='ltr'>diicit</span> <span class='ocrx_word' id='word_1_225' title='bbox 2768 2231 2854 2295; x_wconf 89' lang='lat' dir='ltr'>ad</span> 
     </span>
     <span class='ocr_line' id='line_1_25' title="bbox 459 2315 2852 2401; baseline 0.001 -24"><span class='ocrx_word' id='word_1_226' title='bbox 459 2315 813 2398; x_wconf 84' lang='lat' dir='ltr'>proximum</span> <span class='ocrx_word' id='word_1_227' title='bbox 887 2316 1290 2400; x_wconf 83' lang='lat' dir='ltr'>praesidium,</span> <span class='ocrx_word' id='word_1_228' title='bbox 1366 2324 1538 2381; x_wconf 88' lang='lat' dir='ltr'>ratus</span> <span class='ocrx_word' id='word_1_229' title='bbox 1607 2315 1777 2380; x_wconf 91' lang='lat' dir='ltr'>haud</span> <span class='ocrx_word' id='word_1_230' title='bbox 1857 2338 2090 2398; x_wconf 86' lang='lat' dir='ltr'>magno</span> <span class='ocrx_word' id='word_1_231' title='bbox 2175 2317 2514 2381; x_wconf 90' lang='lat' dir='ltr'>certamine</span> <span class='ocrx_word' id='word_1_232' title='bbox 2583 2317 2852 2401; x_wconf 88' lang='lat' dir='ltr'>opprimi</span> 
     </span>
    </p>

    <p class='ocr_par' dir='ltr' id='par_1_11' title="bbox 406 2402 2925 2660">
     <span class='ocr_line' id='line_1_26' title="bbox 406 2402 2925 2487; baseline -0.002 -20"><span class='ocrx_word' id='word_1_233' title='bbox 406 2430 431 2467; x_wconf 76' lang='lat' dir='ltr'>e</span> <span class='ocrx_word' id='word_1_234' title='bbox 458 2421 665 2484; x_wconf 87' lang='lat' dir='ltr'>posse.</span> <span class='ocrx_word' id='word_1_235' title='bbox 716 2402 785 2466; x_wconf 93' lang='lat' dir='ltr'>L.</span> <span class='ocrx_word' id='word_1_236' title='bbox 834 2403 1172 2487; x_wconf 91' lang='lat' dir='ltr'>Pompeius</span> <span class='ocrx_word' id='word_1_237' title='bbox 1217 2403 1500 2468; x_wconf 89' lang='lat' dir='ltr'>tribunus</span> <span class='ocrx_word' id='word_1_238' title='bbox 1546 2403 1809 2467; x_wconf 89' lang='lat' dir='ltr'>militum</span> <span class='ocrx_word' id='word_1_239' title='bbox 1857 2410 2165 2486; x_wconf 88' lang='lat' dir='ltr'>praeerat,</span> <span class='ocrx_word' id='word_1_240' title='bbox 2213 2402 2318 2484; x_wconf 92' lang='lat' dir='ltr'>qui</span> <span class='ocrx_word' id='word_1_241' title='bbox 2364 2404 2686 2487; x_wconf 88' lang='lat' dir='ltr'>perculsos</span> <span class='ocrx_word' id='word_1_242' title='bbox 2740 2404 2850 2467; x_wconf 87' lang='lat' dir='ltr'>mi·</span> <span class='ocrx_word' id='word_1_243' title='bbox 2877 2427 2925 2464; x_wconf 79' lang='lat'>25</span> 
     </span>
     <span class='ocr_line' id='line_1_27' title="bbox 458 2487 2846 2574; baseline 0.002 -24"><span class='ocrx_word' id='word_1_244' title='bbox 458 2487 600 2552; x_wconf 89' lang='lat' dir='ltr'>lites</span> <span class='ocrx_word' id='word_1_245' title='bbox 645 2489 971 2572; x_wconf 91' lang='lat' dir='ltr'>repentino</span> <span class='ocrx_word' id='word_1_246' title='bbox 1019 2488 1293 2554; x_wconf 90' lang='lat' dir='ltr'>hostium</span> <span class='ocrx_word' id='word_1_247' title='bbox 1338 2488 1615 2554; x_wconf 89' lang='lat' dir='ltr'>adventu</span> <span class='ocrx_word' id='word_1_248' title='bbox 1660 2489 1725 2552; x_wconf 95' lang='lat' dir='ltr'>in</span> <span class='ocrx_word' id='word_1_249' title='bbox 1781 2490 2196 2573; x_wconf 90' lang='lat' dir='ltr'>propinquum</span> <span class='ocrx_word' id='word_1_250' title='bbox 2241 2490 2547 2554; x_wconf 91' lang='lat' dir='ltr'>tumulum</span> <span class='ocrx_word' id='word_1_251' title='bbox 2591 2491 2846 2574; x_wconf 90' lang='lat' dir='ltr'>recepit,</span> 
     </span>
     <span class='ocr_line' id='line_1_28' title="bbox 458 2574 2843 2660; baseline 0.003 -24"><span class='ocrx_word' id='word_1_252' title='bbox 458 2574 582 2638; x_wconf 90' lang='lat' dir='ltr'>loci</span> <span class='ocrx_word' id='word_1_253' title='bbox 628 2595 696 2639; x_wconf 91' lang='lat' dir='ltr'>se</span> <span class='ocrx_word' id='word_1_254' title='bbox 742 2575 1078 2659; x_wconf 92' lang='lat' dir='ltr'>praesidio,</span> <span class='ocrx_word' id='word_1_255' title='bbox 1128 2576 1276 2658; x_wconf 91' lang='lat' dir='ltr'>quia</span> <span class='ocrx_word' id='word_1_256' title='bbox 1315 2596 1575 2641; x_wconf 91' lang='lat' dir='ltr'>numero</span> <span class='ocrx_word' id='word_1_257' title='bbox 1622 2583 1684 2640; x_wconf 91' lang='lat' dir='ltr'>et</span> <span class='ocrx_word' id='word_1_258' title='bbox 1727 2575 1965 2640; x_wconf 89' lang='lat' dir='ltr'>viribus</span> <span class='ocrx_word' id='word_1_259' title='bbox 2003 2576 2207 2660; x_wconf 89' lang='lat' dir='ltr'>impar</span> <span class='ocrx_word' id='word_1_260' title='bbox 2253 2584 2405 2657; x_wconf 90' lang='lat' dir='ltr'>erat,</span> <span class='ocrx_word' id='word_1_261' title='bbox 2455 2576 2843 2642; x_wconf 77' lang='lat' dir='ltr'>defensurus,</span> 
     </span>
    </p>
   </div>
   <div class='ocr_carea' id='block_1_4' title="bbox 455 2715 867 2723">
    <p class='ocr_par' dir='ltr' id='par_1_12' title="bbox 455 2715 867 2723">
     <span class='ocr_line' id='line_1_29' title="bbox 455 2715 867 2723; baseline 0 1534"><span class='ocrx_word' id='word_1_262' title='bbox 455 2715 867 2723; x_wconf 95' lang='lat' dir='ltr'> </span> 
     </span>
    </p>
   </div>
   <div class='ocr_carea' id='block_1_5' title="bbox 448 2755 2847 3867">
    <p class='ocr_par' dir='ltr' id='par_1_13' title="bbox 448 2755 2847 3867">
     <span class='ocr_line' id='line_1_30' title="bbox 643 2755 2847 2828; baseline 0.002 -19"><span class='ocrx_word' id='word_1_263' title='bbox 643 2761 687 2809; x_wconf 93' lang='lat' dir='ltr'>l.</span> <span class='ocrx_word' id='word_1_264' title='bbox 710 2757 1062 2812; x_wconf 87' lang='lat' dir='ltr'>Grannonam</span> <span class='ocrx_word' id='word_1_265' title='bbox 1089 2755 1493 2824; x_wconf 87' lang='lat' dir='ltr'>(Crannonium</span> <span class='ocrx_word' id='word_1_266' title='bbox 1515 2762 1593 2812; x_wconf 83' lang='lat' dir='ltr'>ed.</span> <span class='ocrx_word' id='word_1_267' title='bbox 1614 2761 1741 2813; x_wconf 81' lang='lat' dir='ltr'>Bas.</span> <span class='ocrx_word' id='word_1_268' title='bbox 1766 2759 1960 2826; x_wconf 78' lang='lat'><em>1531),</em></span> <span class='ocrx_word' id='word_1_269' title='bbox 1980 2760 2052 2827; x_wconf 74' lang='lat' dir='ltr'>cf.</span> <span class='ocrx_word' id='word_1_270' title='bbox 2082 2758 2279 2813; x_wconf 80' lang='lat' dir='ltr'>Vahlen</span> <span class='ocrx_word' id='word_1_271' title='bbox 2299 2762 2488 2828; x_wconf 78' lang='lat' dir='ltr'>ephem.</span> <span class='ocrx_word' id='word_1_272' title='bbox 2503 2760 2682 2812; x_wconf 80' lang='lat' dir='ltr'>Austr.</span> <span class='ocrx_word' id='word_1_273' title='bbox 2700 2758 2847 2813; x_wconf 78' lang='grc'><strong>1861</strong></span> 
     </span>
     <span class='ocr_line' id='line_1_31' title="bbox 448 2841 2843 2916; baseline 0.002 -20"><span class='ocrx_word' id='word_1_274' title='bbox 448 2860 504 2911; x_wconf 82' lang='lat' dir='ltr'>p.</span> <span class='ocrx_word' id='word_1_275' title='bbox 542 2841 674 2896; x_wconf 77' lang='lat'>259.</span> <span class='ocrx_word' id='word_1_276' title='bbox 707 2843 715 2908; x_wconf 96' lang='grc' dir='ltr'>Ι</span> <span class='ocrx_word' id='word_1_277' title='bbox 748 2847 796 2896; x_wconf 91' lang='grc'>2.</span> <span class='ocrx_word' id='word_1_278' title='bbox 818 2846 1961 2901; x_wconf 85' lang='lat' dir='ltr'>castramouentibusibicumibicumsecuri</span> <span class='ocrx_word' id='word_1_279' title='bbox 1986 2844 2086 2916; x_wconf 88' lang='lat' dir='ltr'>(cf.</span> <span class='ocrx_word' id='word_1_280' title='bbox 2124 2848 2319 2900; x_wconf 78' lang='lat' dir='ltr'>Vahlen</span> <span class='ocrx_word' id='word_1_281' title='bbox 2342 2849 2375 2899; x_wconf 87' lang='lat' dir='ltr'>l.</span> <span class='ocrx_word' id='word_1_282' title='bbox 2402 2849 2453 2913; x_wconf 71' lang='lat' dir='ltr'>L,</span> <span class='ocrx_word' id='word_1_283' title='bbox 2483 2847 2756 2900; x_wconf 82' lang='lat' dir='ltr'>Gitlbauer</span> <span class='ocrx_word' id='word_1_284' title='bbox 2784 2867 2843 2916; x_wconf 82' lang='lat' dir='ltr'>p.</span> 
     </span>
     <span class='ocr_line' id='line_1_32' title="bbox 455 2926 2844 3000; baseline 0.001 -18"><span class='ocrx_word' id='word_1_285' title='bbox 455 2927 534 2983; x_wconf 81' lang='lat'>63</span> <span class='ocrx_word' id='word_1_286' title='bbox 545 2940 592 2983; x_wconf 80' lang='lat' dir='ltr'>et</span> <span class='ocrx_word' id='word_1_287' title='bbox 610 2928 726 2996; x_wconf 78' lang='lat'>97).</span> <span class='ocrx_word' id='word_1_288' title='bbox 754 2926 764 2997; x_wconf 93' lang='grc' dir='ltr'>Ι</span> <span class='ocrx_word' id='word_1_289' title='bbox 791 2932 1467 3000; x_wconf 83' lang='lat' dir='ltr'>proptercumlongintate</span> <span class='ocrx_word' id='word_1_290' title='bbox 1492 2934 1749 3000; x_wconf 87' lang='lat' dir='ltr'>(propter</span> <span class='ocrx_word' id='word_1_291' title='bbox 1780 2938 2091 2985; x_wconf 85' lang='lat' dir='ltr'>castrorum</span> <span class='ocrx_word' id='word_1_292' title='bbox 2121 2932 2591 2999; x_wconf 85' lang='lat' dir='ltr'>longinquitatem</span> <span class='ocrx_word' id='word_1_293' title='bbox 2620 2935 2696 2985; x_wconf 78' lang='lat' dir='ltr'>ecl.</span> <span class='ocrx_word' id='word_1_294' title='bbox 2717 2934 2844 2985; x_wconf 77' lang='lat' dir='ltr'>Bas.</span> 
     </span>
     <span class='ocr_line' id='line_1_33' title="bbox 455 3014 2843 3086; baseline 0.001 -18"><span class='ocrx_word' id='word_1_295' title='bbox 455 3014 649 3083; x_wconf 77' lang='lat'><strong><em>1531),</em></strong></span> <span class='ocrx_word' id='word_1_296' title='bbox 669 3023 902 3084; x_wconf 86' lang='lat' dir='ltr'>propter</span> <span class='ocrx_word' id='word_1_297' title='bbox 920 3018 1386 3085; x_wconf 85' lang='lat' dir='ltr'>longinquitatem</span> <span class='ocrx_word' id='word_1_298' title='bbox 1415 3019 1610 3072; x_wconf 77' lang='lat' dir='ltr'>Vahlen</span> <span class='ocrx_word' id='word_1_299' title='bbox 1630 3020 1662 3071; x_wconf 87' lang='lat' dir='ltr'>l.</span> <span class='ocrx_word' id='word_1_300' title='bbox 1685 3021 1718 3071; x_wconf 78' lang='lat' dir='ltr'>l.</span> <span class='ocrx_word' id='word_1_301' title='bbox 1743 3015 1752 3086; x_wconf 95' lang='grc' dir='ltr'>Ι</span> <span class='ocrx_word' id='word_1_302' title='bbox 1777 3022 1824 3072; x_wconf 88' lang='grc'>3.</span> <span class='ocrx_word' id='word_1_303' title='bbox 1848 3018 2500 3072; x_wconf 86' lang='lat' dir='ltr'>Sicuriumetcranniana.</span> <span class='ocrx_word' id='word_1_304' title='bbox 2534 3016 2542 3083; x_wconf 98' lang='grc' dir='ltr'>Ι</span> <span class='ocrx_word' id='word_1_305' title='bbox 2572 3021 2622 3071; x_wconf 88' lang='grc'>4.</span> <span class='ocrx_word' id='word_1_306' title='bbox 2646 3018 2702 3069; x_wconf 91' lang='lat' dir='ltr'>in</span> <span class='ocrx_word' id='word_1_307' title='bbox 2722 3020 2843 3070; x_wconf 80' lang='lat' dir='ltr'>add.</span> 
     </span>
     <span class='ocr_line' id='line_1_34' title="bbox 453 3100 2845 3173; baseline 0.001 -18"><span class='ocrx_word' id='word_1_308' title='bbox 453 3105 530 3155; x_wconf 84' lang='lat' dir='ltr'>ed.</span> <span class='ocrx_word' id='word_1_309' title='bbox 566 3104 694 3156; x_wconf 81' lang='lat' dir='ltr'>Bas,</span> <span class='ocrx_word' id='word_1_310' title='bbox 734 3102 898 3157; x_wconf 75' lang='lat'><em>1531.</em></span> <span class='ocrx_word' id='word_1_311' title='bbox 947 3100 956 3171; x_wconf 93' lang='grc' dir='ltr'>Ι</span> <span class='ocrx_word' id='word_1_312' title='bbox 1006 3107 1054 3157; x_wconf 91' lang='grc'>6.</span> <span class='ocrx_word' id='word_1_313' title='bbox 1094 3104 1324 3172; x_wconf 86' lang='lat' dir='ltr'>Sycirio.</span> <span class='ocrx_word' id='word_1_314' title='bbox 1375 3104 1383 3170; x_wconf 95' lang='grc' dir='ltr'>Ι</span> <span class='ocrx_word' id='word_1_315' title='bbox 1434 3108 1480 3158; x_wconf 92' lang='grc'>7.</span> <span class='ocrx_word' id='word_1_316' title='bbox 1519 3107 1659 3158; x_wconf 91' lang='lat' dir='ltr'>luce.</span> <span class='ocrx_word' id='word_1_317' title='bbox 1709 3105 1717 3170; x_wconf 97' lang='grc' dir='ltr'>Ι</span> <span class='ocrx_word' id='word_1_318' title='bbox 1762 3105 2081 3172; x_wconf 88' lang='lat' dir='ltr'>reliquerat.</span> <span class='ocrx_word' id='word_1_319' title='bbox 2125 3104 2133 3169; x_wconf 94' lang='grc' dir='ltr'>Ι</span> <span class='ocrx_word' id='word_1_320' title='bbox 2177 3104 2459 3171; x_wconf 83' lang='lat' dir='ltr'>planitiae.</span> <span class='ocrx_word' id='word_1_321' title='bbox 2490 3106 2499 3173; x_wconf 96' lang='grc' dir='ltr'>Ι</span> <span class='ocrx_word' id='word_1_322' title='bbox 2528 3107 2576 3157; x_wconf 85' lang='grc'>8.</span> <span class='ocrx_word' id='word_1_323' title='bbox 2615 3105 2845 3157; x_wconf 88' lang='lat' dir='ltr'>Perseus</span> 
     </span>
     <span class='ocr_line' id='line_1_35' title="bbox 453 3190 2843 3260; baseline 0.002 -19"><span class='ocrx_word' id='word_1_324' title='bbox 453 3191 574 3242; x_wconf 86' lang='lat' dir='ltr'>add.</span> <span class='ocrx_word' id='word_1_325' title='bbox 612 3191 750 3242; x_wconf 86' lang='lat' dir='ltr'>Held</span> <span class='ocrx_word' id='word_1_326' title='bbox 777 3209 961 3260; x_wconf 74' lang='lat' dir='ltr'>proyr.</span> <span class='ocrx_word' id='word_1_327' title='bbox 1000 3192 1230 3245; x_wconf 64' lang='lat' dir='ltr'>Suidnic</span> <span class='ocrx_word' id='word_1_328' title='bbox 1271 3190 1418 3245; x_wconf 75' lang='lat'><em>1849</em></span> <span class='ocrx_word' id='word_1_329' title='bbox 1446 3210 1504 3259; x_wconf 84' lang='lat' dir='ltr'>p.</span> <span class='ocrx_word' id='word_1_330' title='bbox 1545 3191 1633 3245; x_wconf 75' lang='lat'>15.</span> <span class='ocrx_word' id='word_1_331' title='bbox 1685 3191 1693 3256; x_wconf 94' lang='grc' dir='ltr'>Ι</span> <span class='ocrx_word' id='word_1_332' title='bbox 1743 3195 1792 3245; x_wconf 89' lang='grc'>9.</span> <span class='ocrx_word' id='word_1_333' title='bbox 1832 3193 2698 3257; x_wconf 87' lang='lat' dir='ltr'>Romanosquattuorpostquam,</span> <span class='ocrx_word' id='word_1_334' title='bbox 2734 3190 2843 3245; x_wconf 90' lang='lat' dir='ltr'>Ro-</span> 
     </span>
     <span class='ocr_line' id='line_1_36' title="bbox 451 3276 2842 3346; baseline -0 -17"><span class='ocrx_word' id='word_1_335' title='bbox 451 3294 671 3342; x_wconf 84' lang='lat' dir='ltr'>manos3</span> <span class='ocrx_word' id='word_1_336' title='bbox 713 3277 807 3344; x_wconf 91' lang='lat' dir='ltr'>qui</span> <span class='ocrx_word' id='word_1_337' title='bbox 842 3283 1140 3345; x_wconf 88' lang='lat' dir='ltr'>postquam</span> <span class='ocrx_word' id='word_1_338' title='bbox 1175 3281 1252 3332; x_wconf 81' lang='lat' dir='ltr'>ecl.</span> <span class='ocrx_word' id='word_1_339' title='bbox 1293 3277 1419 3331; x_wconf 77' lang='lat' dir='ltr'>Bas,</span> <span class='ocrx_word' id='word_1_340' title='bbox 1464 3276 1632 3345; x_wconf 76' lang='lat'><em>1531,</em></span> <span class='ocrx_word' id='word_1_341' title='bbox 1682 3280 1989 3344; x_wconf 83' lang='lat' dir='ltr'>Romanos3</span> <span class='ocrx_word' id='word_1_342' title='bbox 2038 3278 2098 3330; x_wconf 90' lang='lat' dir='ltr'>hi</span> <span class='ocrx_word' id='word_1_343' title='bbox 2145 3282 2438 3346; x_wconf 85' lang='lat' dir='ltr'>postquam</span> <span class='ocrx_word' id='word_1_344' title='bbox 2487 3278 2842 3329; x_wconf 81' lang='lat' dir='ltr'>Weissenborn</span> 
     </span>
     <span class='ocr_line' id='line_1_37' title="bbox 455 3360 2838 3435; baseline 0 -20"><span class='ocrx_word' id='word_1_345' title='bbox 455 3360 781 3429; x_wconf 86' lang='lat' dir='ltr'>(Romanos;</span> <span class='ocrx_word' id='word_1_346' title='bbox 804 3365 1303 3431; x_wconf 88' lang='lat' dir='ltr'>quattuor&lt;horas&gt;</span> <span class='ocrx_word' id='word_1_347' title='bbox 1317 3369 1612 3433; x_wconf 86' lang='lat' dir='ltr'>postquam</span> <span class='ocrx_word' id='word_1_348' title='bbox 1628 3366 1843 3418; x_wconf 77' lang='lat' dir='ltr'>Harant</span> <span class='ocrx_word' id='word_1_349' title='bbox 1848 3384 1906 3435; x_wconf 83' lang='lat' dir='ltr'>p.</span> <span class='ocrx_word' id='word_1_350' title='bbox 1920 3364 2089 3427; x_wconf 80' lang='lat'><em>256).</em></span> <span class='ocrx_word' id='word_1_351' title='bbox 2109 3363 2116 3430; x_wconf 96' lang='grc' dir='ltr'>Ι</span> <span class='ocrx_word' id='word_1_352' title='bbox 2137 3363 2366 3430; x_wconf 78' lang='lat' dir='ltr'>equites,</span> <span class='ocrx_word' id='word_1_353' title='bbox 2386 3361 2392 3429; x_wconf 94' lang='grc' dir='ltr'>Ι</span> <span class='ocrx_word' id='word_1_354' title='bbox 2415 3367 2494 3417; x_wconf 91' lang='grc'>10.</span> <span class='ocrx_word' id='word_1_355' title='bbox 2518 3363 2806 3431; x_wconf 84' lang='lat' dir='ltr'>Sycirium.</span> <span class='ocrx_word' id='word_1_356' title='bbox 2829 3360 2838 3431; x_wconf 96' lang='grc' dir='ltr'>Ι</span> 
     </span>
     <span class='ocr_line' id='line_1_38' title="bbox 453 3448 2838 3519; baseline 0.001 -19"><span class='ocrx_word' id='word_1_357' title='bbox 453 3449 703 3502; x_wconf 85' lang='lat' dir='ltr'>insecuti.</span> <span class='ocrx_word' id='word_1_358' title='bbox 759 3450 767 3514; x_wconf 97' lang='grc' dir='ltr'>Ι</span> <span class='ocrx_word' id='word_1_359' title='bbox 825 3454 906 3504; x_wconf 87' lang='grc'>13.</span> <span class='ocrx_word' id='word_1_360' title='bbox 945 3451 1141 3519; x_wconf 87' lang='lat' dir='ltr'>adque.</span> <span class='ocrx_word' id='word_1_361' title='bbox 1197 3450 1206 3519; x_wconf 96' lang='grc' dir='ltr'>Ι</span> <span class='ocrx_word' id='word_1_362' title='bbox 1265 3456 1345 3505; x_wconf 88' lang='lat'>14.</span> <span class='ocrx_word' id='word_1_363' title='bbox 1373 3452 1576 3504; x_wconf 89' lang='lat' dir='ltr'>itineri.</span> <span class='ocrx_word' id='word_1_364' title='bbox 1645 3450 1653 3516; x_wconf 96' lang='grc' dir='ltr'>Ι</span> <span class='ocrx_word' id='word_1_365' title='bbox 1724 3454 1805 3505; x_wconf 83' lang='grc'>15.</span> <span class='ocrx_word' id='word_1_366' title='bbox 1845 3450 2174 3506; x_wconf 74' lang='lat' dir='ltr'>Crannonis,</span> <span class='ocrx_word' id='word_1_367' title='bbox 2241 3448 2250 3516; x_wconf 94' lang='grc' dir='ltr'>Ι</span> <span class='ocrx_word' id='word_1_368' title='bbox 2317 3450 2672 3516; x_wconf 88' lang='lat' dir='ltr'>Palanneum,</span> <span class='ocrx_word' id='word_1_369' title='bbox 2709 3469 2838 3503; x_wconf 84' lang='lat' dir='ltr'>corr.</span> 
     </span>
     <span class='ocr_line' id='line_1_39' title="bbox 452 3535 2840 3605; baseline 0.002 -19"><span class='ocrx_word' id='word_1_370' title='bbox 452 3536 714 3604; x_wconf 73' lang='lat' dir='ltr'>SiyoniuS.</span> <span class='ocrx_word' id='word_1_371' title='bbox 746 3535 755 3603; x_wconf 94' lang='grc' dir='ltr'>Ι</span> <span class='ocrx_word' id='word_1_372' title='bbox 802 3541 882 3591; x_wconf 91' lang='grc'>17.</span> <span class='ocrx_word' id='word_1_373' title='bbox 919 3538 1191 3605; x_wconf 87' lang='lat' dir='ltr'>uagantis.</span> <span class='ocrx_word' id='word_1_374' title='bbox 1236 3537 1245 3604; x_wconf 93' lang='grc' dir='ltr'>Ι</span> <span class='ocrx_word' id='word_1_375' title='bbox 1294 3541 1373 3591; x_wconf 83' lang='grc'>18.</span> <span class='ocrx_word' id='word_1_376' title='bbox 1410 3538 1564 3591; x_wconf 90' lang='lat' dir='ltr'>mille</span> <span class='ocrx_word' id='word_1_377' title='bbox 1601 3541 1722 3592; x_wconf 80' lang='lat' dir='ltr'>add.</span> <span class='ocrx_word' id='word_1_378' title='bbox 1760 3542 1837 3591; x_wconf 80' lang='lat' dir='ltr'>ecl.</span> <span class='ocrx_word' id='word_1_379' title='bbox 1875 3540 2004 3591; x_wconf 80' lang='lat' dir='ltr'>Bas.</span> <span class='ocrx_word' id='word_1_380' title='bbox 2044 3536 2211 3590; x_wconf 82' lang='lat'><em>1531.</em></span> <span class='ocrx_word' id='word_1_381' title='bbox 2262 3537 2270 3604; x_wconf 95' lang='grc' dir='ltr'>Ι</span> <span class='ocrx_word' id='word_1_382' title='bbox 2320 3538 2571 3591; x_wconf 87' lang='lat' dir='ltr'>Tracum.</span> <span class='ocrx_word' id='word_1_383' title='bbox 2605 3535 2613 3603; x_wconf 94' lang='grc' dir='ltr'>Ι</span> <span class='ocrx_word' id='word_1_384' title='bbox 2649 3540 2729 3591; x_wconf 92' lang='grc'>19.</span> <span class='ocrx_word' id='word_1_385' title='bbox 2767 3541 2840 3590; x_wconf 87' lang='lat' dir='ltr'>vel</span> 
     </span>
     <span class='ocr_line' id='line_1_40' title="bbox 452 3620 2837 3694; baseline 0.002 -21"><span class='ocrx_word' id='word_1_386' title='bbox 452 3622 761 3676; x_wconf 85' lang='lat' dir='ltr'>adcelerari</span> <span class='ocrx_word' id='word_1_387' title='bbox 798 3626 872 3676; x_wconf 85' lang='lat' dir='ltr'>vel</span> <span class='ocrx_word' id='word_1_388' title='bbox 905 3629 1171 3692; x_wconf 87' lang='lat' dir='ltr'>poterant</span> <span class='ocrx_word' id='word_1_389' title='bbox 1202 3626 1404 3677; x_wconf 82' lang='lat' dir='ltr'>Duker.</span> <span class='ocrx_word' id='word_1_390' title='bbox 1438 3624 1447 3692; x_wconf 97' lang='grc' dir='ltr'>Ι</span> <span class='ocrx_word' id='word_1_391' title='bbox 1478 3625 1667 3691; x_wconf 89' lang='lat' dir='ltr'>issent,</span> <span class='ocrx_word' id='word_1_392' title='bbox 1718 3625 1853 3679; x_wconf 86' lang='lat' dir='ltr'>isset</span> <span class='ocrx_word' id='word_1_393' title='bbox 1900 3626 2124 3694; x_wconf 74' lang='lat' dir='ltr'>Do‘riny.</span> <span class='ocrx_word' id='word_1_394' title='bbox 2157 3620 2167 3691; x_wconf 95' lang='grc' dir='ltr'>Ι</span> <span class='ocrx_word' id='word_1_395' title='bbox 2198 3628 2285 3677; x_wconf 89' lang='grc'>20.</span> <span class='ocrx_word' id='word_1_396' title='bbox 2322 3624 2837 3693; x_wconf 88' lang='lat' dir='ltr'>pleraquehonesta,</span> 
     </span>
     <span class='ocr_line' id='line_1_41' title="bbox 451 3709 2835 3781; baseline 0.002 -22"><span class='ocrx_word' id='word_1_397' title='bbox 451 3726 583 3762; x_wconf 82' lang='lat' dir='ltr'>corr.</span> <span class='ocrx_word' id='word_1_398' title='bbox 610 3713 686 3763; x_wconf 80' lang='lat' dir='ltr'>ed.</span> <span class='ocrx_word' id='word_1_399' title='bbox 720 3712 848 3763; x_wconf 79' lang='lat' dir='ltr'>Bas.</span> <span class='ocrx_word' id='word_1_400' title='bbox 912 3709 1065 3765; x_wconf 78' lang='lat'><strong><em>1531</em></strong></span> <span class='ocrx_word' id='word_1_401' title='bbox 1125 3709 1225 3781; x_wconf 86' lang='lat' dir='ltr'>(ef.</span> <span class='ocrx_word' id='word_1_402' title='bbox 1256 3712 1531 3764; x_wconf 82' lang='lat' dir='ltr'>Gitlbauer</span> <span class='ocrx_word' id='word_1_403' title='bbox 1584 3731 1640 3781; x_wconf 83' lang='lat' dir='ltr'>p.</span> <span class='ocrx_word' id='word_1_404' title='bbox 1682 3709 1791 3778; x_wconf 79' lang='lat'>76.)</span> <span class='ocrx_word' id='word_1_405' title='bbox 1826 3709 1834 3778; x_wconf 96' lang='grc' dir='ltr'>Ι</span> <span class='ocrx_word' id='word_1_406' title='bbox 1865 3715 1948 3765; x_wconf 93' lang='grc'>21.</span> <span class='ocrx_word' id='word_1_407' title='bbox 1988 3729 2053 3765; x_wconf 91' lang='lat' dir='ltr'>ca</span> <span class='ocrx_word' id='word_1_408' title='bbox 2101 3709 2117 3777; x_wconf 89' lang='grc' dir='ltr'>ΙΙ</span> <span class='ocrx_word' id='word_1_409' title='bbox 2161 3711 2394 3779; x_wconf 88' lang='lat' dir='ltr'>piuntur</span> <span class='ocrx_word' id='word_1_410' title='bbox 2425 3738 2437 3749; x_wconf 92' lang='lat'><strong>·</strong></span> <span class='ocrx_word' id='word_1_411' title='bbox 2470 3728 2532 3764; x_wconf 88' lang='lat' dir='ltr'>ac</span> <span class='ocrx_word' id='word_1_412' title='bbox 2568 3737 2579 3749; x_wconf 93' lang='lat'><strong>·</strong></span> <span class='ocrx_word' id='word_1_413' title='bbox 2614 3710 2835 3765; x_wconf 86' lang='lat' dir='ltr'>ferme*.</span> 
     </span>
     <span class='ocr_line' id='line_1_42' title="bbox 454 3791 2835 3867; baseline 0.001 -20"><span class='ocrx_word' id='word_1_414' title='bbox 454 3791 462 3861; x_wconf 94' lang='grc' dir='ltr'>Ι</span> <span class='ocrx_word' id='word_1_415' title='bbox 503 3799 585 3848; x_wconf 88' lang='grc'>24.</span> <span class='ocrx_word' id='word_1_416' title='bbox 607 3802 919 3864; x_wconf 86' lang='lat' dir='ltr'>autmagno.</span> <span class='ocrx_word' id='word_1_417' title='bbox 953 3796 961 3864; x_wconf 96' lang='grc' dir='ltr'>Ι</span> <span class='ocrx_word' id='word_1_418' title='bbox 993 3802 1076 3852; x_wconf 84' lang='grc'>25.</span> <span class='ocrx_word' id='word_1_419' title='bbox 1096 3801 1299 3867; x_wconf 79' lang='lat' dir='ltr'>posset.</span> <span class='ocrx_word' id='word_1_420' title='bbox 1333 3796 1342 3865; x_wconf 96' lang='grc' dir='ltr'>Ι</span> <span class='ocrx_word' id='word_1_421' title='bbox 1374 3802 1457 3852; x_wconf 87' lang='grc'><strong>26.</strong></span> <span class='ocrx_word' id='word_1_422' title='bbox 1476 3799 1863 3867; x_wconf 87' lang='lat' dir='ltr'>propinquam.</span> <span class='ocrx_word' id='word_1_423' title='bbox 1895 3796 1907 3865; x_wconf 96' lang='grc' dir='ltr'>Ι</span> <span class='ocrx_word' id='word_1_424' title='bbox 1937 3802 2020 3851; x_wconf 86' lang='grc'>27.</span> <span class='ocrx_word' id='word_1_425' title='bbox 2040 3797 2835 3866; x_wconf 71' lang='lat' dir='ltr'>uiribusimperatdefensurus</span> 
     </span>
    </p>
   </div>
  </div>
 </body>
</html>
