3005 4257
418 236 502 300 20
987 237 1208 290 LIBER
1245 232 1411 289 XLII.
1452 234 1605 289 CAP.
1648 238 1726 287 16.
1771 237 1850 287 17.
1892 233 1961 301 [a.
2000 235 2063 289 U.
2105 252 2149 286 c.
2190 232 2315 300 582]

363 427 389 463 4
415 406 591 471 nulla
637 425 786 491 spes
833 416 987 471 erat.
1039 406 1301 490 quidam
1347 427 1428 472 ex
1475 405 1863 471 satellitibus
1909 406 2114 471 secuti
2146 406 2466 470 latronum
2509 406 2806 489 vestigia,

417 514 559 558 cum
605 513 813 575 usque
857 494 941 558 ad
994 495 1216 577 iugum
1263 494 1529 559 Parnasi
1592 493 1981 575 nequiquam
2028 491 2282 574 fatigati
2342 492 2807 576 pervenissent,

364 598 388 636 ⁵
415 601 484 645 re
529 581 770 645 infecta
812 580 1158 646 redierunt.
1202 580 1500 662 adgressi
1532 580 1780 644 facinus
1813 580 2201 644 Macedones
2247 578 2341 642 uti
2388 580 2677 645 consulte
2721 579 2809 644 ita

363 687 387 724 6
415 667 740 748 audacter,
792 675 1087 752 coeptum
1131 687 1252 732 nec
1297 668 1585 732 consulte
1631 673 1695 730 et
1739 665 1964 731 timide
2010 666 2424 749 reliquerunt.
2475 672 2809 750 conpotem

416 755 543 818 iam
569 755 668 819 sui
692 775 910 837 regem
934 753 1123 818 amici
1139 761 1395 838 postero
1421 753 1526 818 die
1544 751 1847 818 deferunt
1867 753 1952 817 ad
1966 772 2218 836 navem3
2244 751 2394 817 inde
2414 751 2806 833 Corinthum,
2835 770 2861 806 ῡ

365 859 387 896 ⁷
416 841 498 905 ab
545 840 867 922 CorinthO,
916 841 1032 926 per
1070 840 1297 906 Isthmi
1338 841 1562 924 iugum
1605 840 1883 905 navibus
1921 839 2253 920 traductis,
2303 840 2622 923 Aeginam
2666 840 2810 905 trai-

358 940 363 962 ³
416 928 611 993 ciunt.
661 928 749 994 ibi
795 929 959 993 adeo
1006 935 1257 993 secreta
1287 927 1425 992 eius
1473 927 1716 991 curatio
1762 927 1903 1005 fuit,
1944 927 2425 991 admittentibus
2470 927 2807 1006 neminem,

366 1030 391 1070 8
417 1021 488 1078 ut
534 1015 707 1078 fama
751 1021 1067 1079 mortuum
1115 1015 1182 1080 in
1227 1014 1449 1079 Asiam
1494 1014 1828 1099 perferret.
1908 1014 2162 1078 Attalus
2210 1032 2466 1095 quoque
2515 1014 2808 1094 celerius,

418 1101 607 1183 quam
668 1101 939 1185 dignum
1004 1100 1347 1166 concordia
1412 1101 1695 1165 fraterna
1755 1107 1911 1182 erat,
1966 1100 2269 1184 credidit;
2337 1121 2487 1164 nam
2551 1107 2613 1165 et
2667 1120 2811 1165 cum

418 1209 614 1253 uxore
660 1189 878 1253 fratris
925 1194 988 1252 et
1019 1189 1346 1272 praefecto
1391 1186 1559 1253 arcis
1590 1195 1919 1269 tamquam
1965 1186 2094 1251 iam
2142 1186 2316 1251 haud
2348 1186 2582 1252 dubius
2627 1187 2807 1270 regni
2840 1202 2892 1240 10

366 1292 390 1329 9
420 1275 608 1340 heres
655 1282 754 1340 est
783 1276 1055 1340 locutus.
1127 1295 1294 1357 quae
1325 1282 1553 1359 postea
1589 1294 1717 1338 non
1764 1274 2051 1339 fefellere
2083 1273 2446 1356 Eumenem
2496 1281 2559 1339 et
2592 1293 2811 1355 quam·

418 1382 609 1443 quam
672 1361 1078 1426 dissimulare
1132 1368 1195 1425 et
1251 1360 1450 1425 tacita
1494 1361 1732 1426 habere
1794 1370 1856 1426 et
1914 1361 2050 1445 pati
2109 1367 2435 1441 statuerat,
2488 1367 2703 1426 tamen
2745 1361 2810 1426 in

416 1448 620 1531 primo
682 1468 1032 1531 congressu
1107 1468 1235 1511 non
1296 1448 1696 1531 temperavit,
1761 1448 1914 1529 quin
1973 1448 2194 1513 uxoris
2253 1447 2573 1532 petendae
2634 1468 2812 1531 prae-

417 1542 730 1599 maturam
776 1535 1250 1600 festinationem
1294 1534 1472 1599 fratri
1521 1534 1821 1599 obiceret.
1892 1535 2161 1598 Romam
2210 1554 2463 1617 quoque
2512 1535 2685 1598 fama
2732 1534 2811 1600 de

366 1689 371 1696 ,
419 1627 620 1686 morte
665 1623 970 1687 Eumenis
1017 1622 1267 1706 perlata
1314 1627 1430 1686 est.
2840 1635 2891 1673 15

368 1749 387 1785 1
625 1735 838 1800 XVII.
891 1733 1024 1799 Sub
1054 1734 1227 1799 idem
1258 1740 1513 1817 tempus
1539 1733 1606 1798 O.
1636 1733 1928 1798 Valerius
1960 1753 2042 1798 ex
2072 1733 2361 1815 Graecia,
2398 1753 2523 1815 quo
2555 1735 2807 1816 legatus

419 1819 502 1884 ad
545 1820 882 1886 visendum
930 1828 1171 1887 statum
1215 1820 1495 1903 regionis
1544 1817 1682 1886 eius
1721 1819 2241 1904 speculandaque
2288 1821 2555 1886 consilia
2590 1821 2806 1886 Persei

417 1908 591 1990 regis
648 1908 835 1991 [eius]
898 1916 1054 1990 erat,
1125 1908 1333 1988 rediit,
1403 1910 1947 1990 congruentiaque
2017 1907 2227 1971 omnia
2302 1908 2666 1972 criminibus
2727 1909 2809 1973 ab

366 2008 390 2045 2
418 1995 701 2059 Eumene
761 1995 997 2060 adlatis
1057 1995 1394 2060 referebat.
1465 1995 1653 2058 simul
1716 2000 1781 2058 et
1838 1993 2198 2059 adduxerat
2257 2014 2474 2059 secum
2516 1994 2724 2059 Praxo
2772 2015 2812 2058 a

419 2080 712 2168 Delphis,
742 2082 918 2147 cuius
944 2081 1170 2150 domus
1193 2081 1665 2167 receptaculum
1686 2081 2003 2147 latronum
2028 2081 2255 2163 fuerat,
2278 2088 2342 2147 et
2368 2081 2437 2146 L.
2457 2081 2816 2146 Rammium
2844 2097 2896 2135 20

366 2182 391 2220 3
419 2169 886 2249 Brundisinum,
958 2169 1065 2252 qui
1124 2168 1274 2233 talis
1342 2168 1561 2233 indicii
1622 2168 1869 2234 delator
1930 2177 2086 2233 erat.
2143 2169 2440 2253 princeps
2505 2168 2808 2234 Brundisi

700 2383 743 2431 1.
820 2378 1132 2445 quidemex.
1219 2376 1228 2445 Ι
1313 2379 1758 2432 sicutlatronum.
1851 2376 1860 2442 Ι
1950 2381 1997 2431 3.
2080 2378 2680 2460 reinfestiauenierunt.
2779 2378 2787 2445 Ι

417 2481 847 2549 utinconsulte*,
931 2482 1014 2535 uti
1085 2483 1339 2537 consulte
1398 2483 1466 2535 H.
1525 2484 1571 2536 I.
1651 2482 1845 2534 illaller
1916 2501 2039 2535 ann.
2121 2482 2297 2535 Berol.
2363 2480 2510 2535 1889
2580 2500 2639 2551 p.
2716 2481 2818 2548 32,

417 2573 481 2621 ut
540 2570 794 2622 consulte
853 2570 1110 2637 Pluyyers
1148 2567 1432 2623 'Mnemoa
1505 2569 1688 2623 VIIII
1740 2566 1961 2637 (1881),
2006 2570 2154 2637 prob.
2223 2570 2413 2621 Hartel
2464 2588 2523 2639 p.
2583 2568 2666 2622 22
2730 2568 2819 2636 (ut

419 2655 602 2718 (non)
620 2655 935 2709 inconsulte
960 2658 1092 2708 coni.
1118 2653 1455 2725 Heusinyer),
1475 2658 1537 2708 de
1560 2657 1968 2725 interpunctione
1987 2657 2057 2724 ef.
2087 2656 2267 2708 Walek
2294 2656 2412 2708 Em.
2457 2656 2519 2708 L.
2541 2675 2599 2726 p.
2626 2655 2759 2710 123.
2806 2657 2813 2723 Ι

418 2747 467 2795 4.
488 2743 1095 2809 coeptumneconsulte.
1132 2739 1140 2807 Ι
1173 2744 1220 2795 5.
1260 2742 1509 2824 iamasui.
1544 2739 1553 2808 Ι
1585 2744 1633 2795 6.
1674 2742 2042 2809 adcorinthi0‚
2100 2745 2161 2794 de
2197 2760 2376 2795 errore
2421 2744 2493 2812 cf.
2534 2761 2667 2812 quae
2703 2746 2822 2796 dixi

418 2848 582 2899 Beitr.
618 2866 659 2898 z.
699 2845 750 2898 4.
788 2846 1000 2898 Decade
1041 2864 1100 2915 p.
1153 2843 1227 2898 13
1276 2843 1438 2912 (aque
1496 2845 1764 2900 Corintho
1802 2848 1932 2898 coni.
1983 2846 2199 2899 Harant
2229 2864 2284 2915 p.
2332 2844 2493 2910 237).
2551 2843 2560 2911 Ι
2615 2847 2819 2901 Isthmi

422 2935 479 2994 (I
509 2950 673 3002 supra
719 2931 958 3001 scripto).
993 2931 1001 2996 Ι
1035 2933 1082 2985 7.
1118 2932 1517 2985 adeossecreta.
1551 2930 1560 2999 Ι
1593 2935 1641 2986 8.
1683 2931 1829 2985 Asia.
1880 2929 1888 2998 Ι
1938 2933 2615 3000 quoqueceteriumquam.
2668 2931 2677 3000 Ι
2731 2937 2816 2986 10.

419 3019 598 3072 fratri.
646 3018 654 3086 Ι
697 3019 1002 3086 ατοὶ,“οονν.
1042 3019 1111 3072 Η.
1152 3020 1198 3073 Ι.
1238 3019 1434 3071 Μᾱῖἰεν
1470 3036 1533 3071 ex
1579 3037 1676 3071 usu
1713 3018 1857 3072 Lien*
1889 3016 1987 3089 (ef.
2027 3020 2239 3087 Filyner
2286 3019 2411 3072 Lex.
2466 3038 2519 3087 p.
2559 3017 2760 3082 1342).
2801 3018 2816 3088 Ι

419 3106 808 3187 audtdubiuS.*
864 3102 873 3171 Ι
937 3109 1016 3160 11.
1057 3104 1409 3173 quepostea*.
1474 3102 1483 3171 Ι
1545 3102 1926 3173 quanquam*
1984 3103 1992 3172 Ι
2051 3110 2130 3161 12.
2168 3106 2478 3160 tacitehabe
2502 3104 2517 3172 ΙΙ
2537 3107 2819 3174 reidpati*

422 3210 613 3278 (tacite
648 3211 852 3265 habere
889 3212 946 3265 id
981 3212 1210 3280 patique
1247 3213 1325 3265 ed.
1360 3210 1491 3264 Bas.
1520 3210 1715 3276 1531),
1746 3211 1918 3265 tacita
1955 3211 2209 3279 (tacitum
2246 3214 2368 3264 olim
2404 3212 2817 3277 Drakenborch.)

417 3297 623 3352 habere
661 3303 717 3351 et
752 3300 867 3366 pati
906 3299 1279 3366 Weissenborn,
1316 3298 1486 3351 tacita
1521 3298 1718 3351 haberi
1753 3298 1872 3367 pati
1909 3299 2127 3369 Madvig]
2153 3300 2273 3352 Em.
2298 3299 2362 3353 L.
2389 3318 2444 3368 p.
2472 3299 2602 3364 627,
2640 3301 2823 3354 tacita

418 3386 624 3439 habere
664 3384 786 3451 (del.
823 3385 882 3438 id
904 3384 1042 3454 pati)
1076 3403 1218 3455 susp.
1255 3385 1325 3438 H.
1361 3387 1406 3439 I.
1431 3384 1673 3439 Mallem*
1705 3382 1714 3451 Ι
1748 3389 1827 3439 13.
1857 3386 2623 3454 congressuunotemperauit.
2658 3384 2666 3453 Ι
2698 3406 2822 3441 ma-

420 3478 619 3525 turam.
653 3469 661 3537 Ι
698 3474 777 3525 14.
814 3471 1032 3525 famam.
1066 3469 1075 3538 Ι
1110 3475 1190 3525 16.
1230 3471 1624 3539 legatusquiad
1662 3470 1780 3539 (qui
1815 3474 2037 3539 legatus
2074 3473 2144 3526 ad
2182 3474 2257 3527 ed.
2295 3474 2425 3526 Bas».
2468 3470 2660 3539 1531),
2701 3492 2821 3541 quo

419 3561 635 3626 legatus
672 3558 741 3611 ad
776 3560 905 3611 coni.
943 3558 1367 3612 Drakenborch.*
1397 3556 1406 3625 Ι
1441 3560 1522 3612 18.
1559 3559 1951 3625 regiseiuserat
1989 3558 2158 3627 (regis
2200 3559 2548 3613 missuserat
2583 3563 2660 3613 ed.
2682 3562 2818 3617 Bas‘.

424 3643 597 3708 1531)
624 3645 772 3711 regis
809 3649 929 3698 erat
963 3646 1156 3698 Hartel
1184 3663 1242 3714 p.
1280 3644 1378 3712 22,
1408 3647 1562 3715 prob.
1613 3646 1682 3698 H.
1721 3646 1766 3699 Ι.
1803 3646 1999 3699 Μῑῑίἰεν
2036 3664 2158 3700 ann.
2199 3648 2375 3700 Berol.
2426 3644 2573 3700 1889
2618 3666 2674 3716 p.
2714 3647 2821 3715 32,

421 3733 568 3799 regis
605 3732 746 3784 ierat
790 3733 987 3786 Vahlen
1035 3734 1226 3802 ephem.
1266 3732 1447 3788 Austr.
1486 3731 1652 3797 1861,
1690 3751 1748 3802 p.
1786 3731 1950 3798 263).
2000 3731 2032 3798 Ι.
2059 3737 2140 3787 20.
2179 3734 2484 3799 Rammum‚
2534 3733 2820 3789 Rennium

425 3821 570 3872 Giles
623 3821 768 3872 cla-33.
808 3819 933 3873 Rev.
973 3821 1019 3887 I,
1067 3819 1206 3884 170,·
1260 3822 1352 3872 sed
1383 3821 1454 3889 cf.
1493 3819 1561 3872 H.
1600 3820 1646 3873 I.
1684 3820 1879 3872 Maller
1921 3838 2044 3873 ann.
2094 3821 2269 3874 Berol.
2325 3818 2472 3873 1888
2522 3840 2577 3890 p.
2618 3821 2761 3875 102.
2810 3821 2819 3890 Ι

423 3910 504 3963 21.
542 3906 728 3960 indici.
