3005 4257
412 214 499 278 54
914 216 1136 269 LIBER
1172 215 1340 269 an.
1382 216 1535 270 cAP.
1573 220 1657 270 43.
1697 218 1782 267 44.
1825 213 1896 282 [a.
1936 217 1999 270 U.
2038 233 2084 269 ο.
2126 212 2252 280 583]

413 386 500 449 tio
548 393 685 450 orta
747 394 883 451 erat
940 407 1022 451 ex
1082 386 1209 450 alio
1269 386 1629 451 certamine.
1702 386 1968 450 comitiis
2036 387 2367 470 praetoriis
2427 388 2811 452 Boeotorum

411 472 582 536 victa
628 493 776 557 pars
822 473 1113 537 iniuriam
1174 493 1566 556 persequens
1628 481 1850 538 coacta
1909 472 2307 538 multitudine
2369 474 2668 558 decrevit,
2728 495 2808 539 ne

362 577 387 615 8
415 558 854 624 Boeotarchae
901 560 1157 624 urbibus
1204 559 1649 644 reciperentur.
1717 560 1935 624 exules
1981 560 2296 643 Thespias
2343 560 2620 626 universi
2667 580 2808 639 con-

414 654 770 730 cesserunt3
817 646 965 711 inde
1000 684 1082 692 ——
1114 647 1354 730 recepti
1401 646 1570 710 enim
1603 646 1739 711 sine
1772 646 2170 711 cunctatione
2204 654 2384 711 erant
2417 684 2497 693 -
2529 647 2807 727 ThebaS,

413 731 541 796 iam
586 733 841 797 mutatis
888 733 1132 814 animiS,
1189 733 1471 798 revocati
1519 733 1842 797 decretum
1890 732 2146 814 faciunt,
2197 742 2264 797 ut
2310 732 2663 813 duodecim,
2701 734 2810 817 qui
2837 754 2861 791 5

361 838 386 876 9
413 819 642 903 privati
687 827 935 885 coetum
981 827 1044 884 et
1090 819 1428 884 concilium
1456 819 1845 897 habuissent,
1896 820 2085 884 exilio
2117 821 2546 885 multarentur.
2603 841 2809 885 novus

413 905 645 970 deinde
691 914 944 990 praetor
991 944 1073 951 —
1119 907 1430 972 Ismenias
1476 906 1532 971 is
1581 914 1737 988 erat,
1784 907 1881 970 vir
1925 907 2154 970 nobilis
2202 929 2277 971 ac
2326 914 2546 989 potens
2595 944 2679 953 —
2713 928 2810 972 ca-

413 992 626 1075 pitalis
672 1013 919 1077 poenae
951 993 1248 1058 absentes
1296 1013 1404 1057 eos
1458 992 1715 1058 decreto
1749 992 2022 1058 damnat.
2075 992 2442 1058 Chalcidem
2475 994 2809 1076 fugerant3
2856 1007 2867 1019 ·

411 1079 560 1142 inde
607 1078 691 1143 ad
722 1081 1039 1144 Romanos
1072 1079 1357 1144 Larisam
1402 1079 1669 1163 profecti
1724 1099 1982 1145 causam
2028 1100 2169 1144 cum
2207 1081 2439 1145 Perseo
2487 1081 2809 1144 societatis

336 1185 385 1223 10
412 1166 477 1228 in
537 1166 880 1230 Ismeniam
948 1166 1373 1248 contulerant3
1445 1187 1526 1229 ex
1592 1190 1671 1230 ea
1740 1166 2138 1231 contentione
2207 1174 2408 1231 ortum
2470 1174 2807 1231 certamen.
2838 1186 2884 1224 10

412 1249 734 1334 utriusque
783 1248 1038 1338 [tamen]
1084 1253 1281 1337 partis
1328 1252 1528 1334 legati
1597 1252 1681 1316 ad
1725 1253 2042 1317 Romanos
2090 1260 2413 1332 venerunt,
2480 1261 2541 1317 et
2586 1253 2808 1318 exules

413 1347 939 1422 accusatoresque
986 1338 1301 1403 Ismeniae
1348 1347 1411 1404 et
1455 1339 1768 1404 Ismenias
1814 1340 1971 1423 ipse.

360 1465 381 1499 1
620 1442 850 1507 XLIV.
900 1442 1270 1507 Chalcidem
1315 1450 1384 1507 ut
1428 1450 1686 1507 ventum
1733 1450 1849 1522 est,
1917 1443 2184 1508 aliarum
2246 1443 2594 1508 civitatium
2643 1444 2808 1526 prin-

413 1529 607 1612 cipes,
678 1529 744 1593 id
790 1528 959 1611 quod
1003 1550 1297 1594 maxume
1356 1536 1607 1613 gratum
1669 1537 1803 1594 erat
1847 1529 2165 1610 Romanis,
2228 1550 2343 1594 suo
2390 1530 2623 1613 quique
2671 1551 2808 1614 pro-

413 1615 547 1697 prie
580 1615 832 1680 decreto
863 1616 1107 1698 regiam
1139 1616 1509 1681 societatem
1554 1617 1875 1699 aspernati
1906 1617 2205 1681 Romanis
2237 1637 2305 1681 se
2337 1617 2803 1701 adjungebant3
2839 1637 2882 1673 ιο

413 1703 723 1767 Ismenias
755 1710 1011 1785 gentem
1042 1704 1426 1767 Boeotorum
1470 1702 1537 1766 in
1581 1702 1770 1767 fidem
1804 1703 2229 1768 Romanorum
2261 1704 2537 1786 permitti
2582 1723 2808 1769 aecum

360 1808 385 1845 2
413 1790 729 1854 censebat.
791 1788 940 1853 inde
1001 1789 1343 1854 certamine
1405 1797 1559 1870 ort0,
1631 1789 1753 1853 nisi
1813 1789 1877 1853 in
1936 1789 2209 1855 tribunal
2268 1791 2624 1870 legatorum
2671 1811 2805 1874 per-

411 1875 702 1957 fugisset,
777 1875 950 1940 haud
1016 1877 1281 1940 multum
1347 1876 1526 1956 afuit,
1607 1876 1758 1959 quin
1824 1877 1905 1940 ab
1974 1876 2262 1940 exulibus
2332 1877 2806 1958 fautoribusque

360 1978 384 2016 ³
413 1982 627 2026 eorum
671 1963 1139 2027 interficeretur.
1189 1963 1450 2028 Thebae
1497 1982 1746 2044 quoque
1794 1963 1989 2046 ipsae,
2051 1962 2220 2043 quod
2267 1963 2568 2027 Boeotiae
2616 1971 2808 2048 caput

413 2056 525 2130 est,
575 2049 640 2112 in
687 2069 921 2133 magno
967 2057 1139 2113 motu
1186 2057 1381 2130 erant,
1437 2049 1583 2113 aliis
1630 2049 1714 2112 ad
1759 2070 1978 2132 regem
2022 2049 2416 2113 trahentibus
2463 2049 2804 2132 civitatem,
2838 2069 2884 2106 20

359 2155 385 2191 4
412 2136 552 2200 aliis
599 2136 683 2201 ad
712 2136 1060 2220 Romanos;
1113 2144 1175 2201 et
1218 2138 1402 2201 turba
1447 2135 1916 2210 Coronaeorum
1962 2136 2537 2219 Haliartiorumque
2584 2158 2809 2203 conve-

412 2231 591 2285 nerat
636 2223 719 2286 ad
766 2222 1237 2288 defendendum
1282 2223 1604 2288 decretum
1648 2224 1867 2306 regiae
1914 2224 2251 2288 societatis.
2305 2223 2420 2288 sed
2453 2225 2809 2289 constantia

624 2367 669 2415 1.
732 2362 1544 2430 comitiapraetorisboetarum.
1606 2360 1615 2429 Ι
1676 2367 1724 2414 2.
1793 2368 2341 2432 persequenseoacta.
2419 2361 2428 2430 Ι
2500 2363 2814 2418 decretum-

411 2449 868 2503 thebissinebello
925 2446 1007 2514 (in
1067 2449 1232 2515 rae.)*
1274 2447 1293 2514 ΙΙ
1335 2449 1754 2503 etarceurbibus
1835 2447 2145 2515 (decretum
2223 2441 2355 2503 fecit
2437 2449 2659 2517 Thebis,
2743 2468 2814 2504 ne

411 2537 787 2591 Boeotarchae
842 2535 1073 2588 urbibus
1127 2538 1204 2588 ed.
1260 2537 1388 2588 Bas.
1445 2533 1631 2601 1531),
1687 2535 1954 2602 decrevit,
2009 2554 2081 2589 ne
2134 2536 2511 2589 Boeotarchae
2577 2538 2814 2591 urbibus

416 2623 689 2676 G'itlbauer
717 2641 774 2692 Ρ.
813 2622 936 2675 110.
986 2619 996 2688 Ι
1052 2626 1099 2675 3.
1140 2623 1383 2690 Tespias.
1446 2621 1454 2688 Ι
1521 2626 1570 2674 4.
1610 2622 1803 2676 Tebas.
1873 2620 1881 2686 Ι
1935 2625 1983 2674 6.
2022 2623 2278 2690 priuatis.
2346 2620 2355 2688 Ι
2420 2624 2468 2675 8.
2509 2622 2810 2689 absentia}

413 2709 747 2762 Calchidem.
792 2706 801 2774 Ι
855 2711 903 2761 9.
944 2726 1164 2762 causam
1202 2708 1443 2772 <initae>
1482 2726 1609 2761 cum
1646 2711 1775 2761 coni.
1818 2706 2043 2772 Crevier,
2095 2726 2317 2762 causam
2356 2709 2647 2773 <iunctae>
2688 2727 2812 2764 cum

412 2796 626 2848 Harant
656 2814 711 2864 Ρ.
749 2794 878 2860 247,
915 2798 1006 2847 sed
1040 2796 1110 2864 cf.
1141 2796 1207 2848 G.
1246 2796 1484 2848 Heraeus
1523 2805 1715 2863 quaest.
1743 2798 1855 2847 crit.
1882 2796 1995 2847 Liv.
2030 2814 2085 2864 p.
2122 2796 2212 2848 57.
2247 2793 2255 2861 Ι
2291 2799 2371 2848 10.
2398 2795 2760 2850 Hismeniam.
2800 2794 2810 2863 Ι

413 2899 478 2935 ea
513 2884 634 2934 add.
673 2881 891 2948 Ivlaa'viy
929 2882 1047 2933 Em.
1084 2882 1148 2932 L.
1179 2899 1238 2950 Ρ.
1277 2880 1314 2934 6
1319 2879 1408 2934 46.
1442 2878 1450 2947 Ι
1486 2885 1567 2933 11.
1607 2887 1792 2934 tamen
1818 2899 1879 2934 ex
1902 2883 1999 2933 litt.
2018 2885 2264 2951 praeced.
2300 2879 2627 2947 (certamen)
2667 2901 2813 2953 repe-

413 2970 560 3021 titum
579 2969 766 3021 inclusi
783 2967 1025 3034 („tamen
1052 2985 1148 3037 quo
1165 2970 1449 3037 pertineat,
1469 2965 1670 3020 nescio“
1700 2970 1807 3020 iam
1825 2968 2046 3036 ⁴Madvig]
2082 2967 2287 3032 adn.).*
2315 2966 2323 3035 Ι
2381 2971 2461 3020 12.
2498 2969 2810 3022 lismeniae.

414 3052 425 3123 Ι
467 3058 547 3108 13.
588 3055 884 3109 Calcidem.
919 3053 928 3120 Ι
960 3054 1188 3107 alarum.
1222 3053 1229 3118 Ι
1266 3057 1346 3108 14.
1374 3054 2162 3123 suoquoquepropriodecreto
2201 3057 2323 3119 (suo
2352 3055 2557 3121 quique
2582 3057 2813 3124 proprio

413 3143 637 3197 decreto
693 3145 769 3194 ed.
806 3142 934 3194 Bas.
972 3139 1160 3206 1531),
1212 3159 1311 3195 suo
1362 3142 1567 3208 quique
1617 3142 1844 3210 proprie
1893 3142 2120 3196 decreto
2166 3144 2364 3196 Vahlen
2401 3144 2592 3211 ephem.
2632 3143 2812 3196 Austr.

411 3227 559 3282 1861
589 3248 646 3299 Ρ.
683 3227 803 3281 258
841 3225 962 3294 (suo
1002 3229 1234 3295 quisque
1270 3229 1500 3296 proprio
1541 3229 1764 3282 decreto
1804 3228 2176 3293 Weissenborn,
2216 3246 2315 3282 suo
2355 3229 2558 3296 quique
2585 3230 2812 3284 decreto

411 3315 678 3384 Kreyssiq,
718 3333 873 3370 suam
896 3332 1116 3382 quoque
1153 3316 1384 3382 proprio
1423 3316 1649 3369 decreto
1668 3315 1882 3367 Harant
1910 3334 1970 3384 Ρ.
2007 3314 2168 3379 248).
2201 3313 2209 3382 Ι
2245 3320 2325 3369 15.
2347 3316 2812 3384 propriamsocie-

409 3408 583 3457 tatem
604 3403 776 3472 (prob.
798 3405 1053 3470 Kreyssiy
1072 3412 1120 3454 et
1138 3402 1399 3468 Harant),
1425 3402 1639 3468 regiam
1661 3402 1985 3456 societate-m
2015 3403 2390 3461 Weissenborn.
2427 3403 2640 3467 Vahlen,
2676 3404 2813 3456 Gize-

411 3491 568 3542 bauer
597 3507 655 3558 p.
693 3487 770 3542 65
810 3487 1022 3555 (Persei
1048 3487 1371 3543 societatem
1408 3491 1485 3541 ed.
1506 3489 1634 3540 Bas.
1656 3486 1845 3553 1531).
1878 3486 1887 3554 Ι
1919 3493 2228 3555 aspernata.
2278 3486 2287 3553 Ι
2338 3487 2758 3555 sediungebant.
2800 3488 2806 3556 Ι

413 3579 493 3629 16.
532 3577 850 3630 Boetorum.
883 3573 892 3640 Ι
928 3576 1009 3628 18.
1048 3575 1458 3657 eabexulibus*.
1491 3572 1500 3636 Ι
1537 3577 1618 3628 19.
1657 3575 1791 3642 ipse.
1824 3573 1833 3642 Ι
1863 3574 2106 3628 Boetiae.
2151 3573 2161 3640 Ι
2204 3575 2811 3641 20.inmagn0tuerant,

410 3698 543 3733 corr.
584 3682 834 3748 Kreyssiy
871 3678 951 3747 (in
989 3696 1191 3746 magno
1228 3680 1472 3732 tumultu
1511 3683 1672 3733 erant
1708 3682 1783 3731 ed.
1822 3681 1951 3731 Bas,
1991 3677 2180 3743 1531).
2227 3677 2234 3744 Ι
2277 3677 2651 3745 aliiadregem.
2686 3676 2695 3744 Ι
2727 3682 2810 3731 21.

411 3767 530 3820 alie.
586 3765 596 3834 Ι
649 3767 1094 3832 Aliatiorumque
1161 3763 1600 3832 (Aliartiorumq.
1651 3770 1729 3818 ed.
1784 3767 1912 3818 Bae.
1969 3763 2159 3831 1531),
2209 3784 2342 3818 corr.
2389 3766 2733 3818 Vascosarcus,
2797 3764 2807 3833 Ι

411 3853 547 3917 <eo>
574 3858 912 3908 convenerat
935 3856 1067 3906 coni.
1094 3853 1360 3921 Kreyssiy.
1394 3851 1403 3918 Ι
1434 3855 1519 3904 22.
1547 3852 1936 3918 addefendum,
1963 3853 2036 3919 cs.
2067 3852 2342 3904 Gitlbauer
2366 3853 2399 3902 l.
2425 3853 2459 3903 l.
2487 3861 2533 3902 et
2558 3869 2690 3919 quae
2715 3854 2810 3904 ad-

410 3942 559 3993 iunxi
588 3943 714 4009 phil.
752 3941 882 3994 Abla.
920 3941 1024 3993 III
1044 3959 1102 4010 Ρ.
1140 3940 1210 3992 Χ.
1243 3939 1253 4003 Ι
1285 3938 1641 3994 constantiae.

2969 2227 2975 2532 Ι

2965 2917 2971 3104 Ι
