3005 4257
159 1169 212 1210 10

818 174 1043 228 LIBER
1082 174 1282 229 XLIV.
1323 174 1488 228 CAP.
1527 176 1614 228 46.
1655 175 1727 244 [a.
1768 176 1834 230 U.
1873 192 1918 231 o.
1958 175 2085 245 586]
2576 164 2659 224 69

251 355 466 420 divisa
504 363 601 419 est
639 355 1039 419 intermurali
1080 356 1254 419 amni
1294 363 1356 419 et
1397 355 1626 420 eadem
1656 363 1852 438 ponte
1888 357 2131 433 iuncta,
2171 365 2239 421 ut
2279 377 2393 420 neo
2423 377 2664 441 oppug-

250 451 445 508 nante
503 450 772 509 externo
827 445 1075 508 aditum
1134 446 1218 509 ab
1277 445 1410 508 ulla
1466 451 1650 527 parte
1708 446 1970 522 habeat,
2028 465 2166 524 neo,
2227 446 2279 510 si
2329 466 2515 527 quem
2573 446 2664 509 ibi

251 553 364 597 rex
394 533 704 614 includat,
745 535 945 598 ullum
975 533 1104 598 nisi
1141 553 1256 615 per
1294 533 1644 598 facillimae
1675 533 2008 600 custodiae
2039 542 2297 617 pontem
2328 533 2664 618 effugium.

250 630 313 687 et
360 644 526 706 gaza
583 623 770 705 regia
829 623 895 685 in
954 643 1030 687 eo
1077 624 1221 687 loco
1270 630 1433 702 erat3
1483 624 1599 688 sed
1657 632 1788 687 tum
1847 623 2006 688 nihil
2064 632 2321 706 praeter
2376 631 2666 689 trecenta
2728 636 2755 679 8

252 713 520 788 talenta,
570 732 737 793 quae
794 713 992 778 missa
1038 713 1272 778 Gentio
1320 715 1479 795 regi,
1539 711 1772 776 deinde
1830 720 2077 778 retenta
2122 713 2396 790 fuerant,
2445 714 2662 779 inven-

252 811 383 865 tum
442 809 553 866 est.
614 822 730 884 per
788 821 949 883 quos
1007 802 1148 867 dies
1207 800 1294 865 ad
1348 802 1595 866 Pellam
1656 802 1896 881 stativa
1961 801 2237 879 fuerunt,
2304 804 2665 885 legationes
2729 814 2758 857 9

249 891 638 973 frequenteS,
689 911 854 972 quae
903 891 989 954 ad
1028 891 1488 975 gratulandum
1529 900 1981 971 convenerant,
2031 893 2311 957 maxime
2352 913 2430 956 ex
2470 893 2665 958 Thes-

251 979 432 1059 salia,
480 981 743 1046 auditae
790 986 956 1044 sunt.
1002 981 1225 1044 nuntio
1274 979 1511 1044 deinde
1550 987 1840 1064 aooept0,
1887 981 2127 1046 Persea
2176 981 2664 1046 Samothracam
2703 992 2758 1035 10

250 1069 606 1152 traiecisse,
661 1068 988 1152 profectus
1037 1092 1077 1133 a
1121 1070 1306 1133 Pella
1360 1070 1582 1135 consul
1646 1071 1891 1151 quartis
1949 1071 2179 1137 eastris
2227 1071 2667 1153 Amphipolim

253 1160 563 1241 pervenit.
622 1160 826 1224 effusa
880 1159 1086 1224 omnis
1147 1159 1405 1224 obviam
1472 1160 1663 1223 turba
1730 1160 1936 1225 cuivis
2001 1160 2244 1224 indicio
2312 1167 2468 1239 erat,
2539 1182 2666 1226 non
2703 1170 2754 1212 11

248 1248 418 1313 bono
467 1269 543 1312 ao
591 1249 759 1314 iusto
806 1269 961 1331 rege
1009 1250 1168 1313 orba
1204 1297 1290 1332 m·-

469 1479 514 1531 1.
535 1479 936 1534 intermuroali.
970 1481 978 1548 Ι
1012 1481 1433 1548 oppugnanteo.
1469 1482 1476 1546 Ι
1512 1481 1561 1532 2.
1582 1480 1950 1535 adituadulla.
1976 1482 1984 1551 Ι
2008 1482 2059 1534 3.
2081 1480 2352 1535 custodie.
2377 1479 2385 1546 Ι
2408 1481 2459 1533 4.
2479 1479 2663 1543 caza!

252 1566 511 1627 sedltum.
563 1571 571 1637 Ι
630 1570 680 1622 6.
720 1567 1358 1639 perquoddiesapellam.
1419 1570 1427 1636 Ι
1488 1571 1538 1622 7.
1576 1569 2021 1623 tessaliaaudita.
2083 1572 2091 1637 Ι
2151 1571 2202 1623 8.
2241 1563 2666 1635 samon-acam}

248 1656 298 1708 9.
336 1658 947 1727 profectusllappellam.
982 1658 990 1724 Ι
1032 1657 1371 1724 ampipolim.
1416 1660 1423 1724 Ι
1466 1658 1551 1710 10.
1590 1658 1777 1725 obuia,
1818 1658 2047 1712 obviam
2086 1658 2169 1712 ed.
2208 1660 2347 1711 Bas,
2387 1660 2535 1710 1535
2577 1658 2666 1725 (cf.

255 1744 546 1798 Gitlbauer
573 1763 633 1813 p.
678 1748 791 1812 47).
852 1748 860 1814 Ι
922 1745 1308 1814 ouiusindieio‚
1355 1746 1537 1800 cuivis
1583 1747 1789 1801 indicio
1829 1747 1912 1803 ed.
1951 1748 2089 1800 Bas.
2129 1750 2270 1799 1531
2317 1747 2517 1812 (cuivis
2553 1763 2670 1800 non

249 1839 453 1885 certum
492 1850 558 1886 ac
591 1836 842 1903 fortasse
887 1835 1176 1888 delendum
1216 1852 1325 1888 esse
1359 1852 1507 1903 susp.
1546 1837 1745 1889 Novdk
1773 1854 1833 1904 p.
1874 1837 2034 1906 225).
2086 1838 2094 1905 Ι
2149 1838 2232 1889 11.
2272 1835 2428 1906 orball
2468 1836 2563 1903 (ob
2600 1853 2664 1890 ra

249 1925 330 1978 ed.
368 1924 505 1977 Bas,
543 1927 701 1991 1531,
738 1924 969 1978 orbatos
1012 1924 1266 1992 Ονέυίεν),
1302 1925 1366 1978 in
1402 1925 1601 1993 quibus
1640 1926 1837 1979 litteris
1866 1926 2070 1980 desinit
2105 1927 2206 1991 fol.
2247 1926 2452 1979 codicis
2486 1928 2664 1990 146¹,-

247 2014 347 2080 fol.
386 2017 520 2066 147r
560 2014 726 2082 incip.
767 2013 860 2066 lib.
899 2013 1212 2067 XXXXV.
1251 2013 1545 2083 (uictoriae
1581 2014 1804 2085 nuntii).
