3005 4257
413 190 500 252 44
976 187 1198 241 LIBER
1232 189 1396 243 XLII.
1436 190 1588 243 GAP.
1628 193 1710 243 36.
1750 193 1834 244 37.
1873 188 1942 257 [a.
1982 191 2046 246 U.
2085 208 2130 244 0.
2168 189 2292 257 583]

361 382 386 418 ⁶
414 361 585 426 iussi.
634 368 974 461 postquam
1017 359 1435 440 haesitabant,
1491 368 1801 461 negantes
1848 360 1968 426 sibi
2021 362 2185 426 ultra
2245 362 2591 444 quidquam
2636 383 2808 427 man-

416 449 637 513 datum
689 468 850 529 esse,
911 448 1067 513 iussi
1124 448 1484 513 renuntiare
1544 447 1702 531 regi,
1766 449 2089 513 consulem
2147 449 2217 513 Ρ.
2266 448 2574 514 Licinium
2627 449 2809 514 brevi

363 559 388 597 ο
416 557 559 600 cum
604 535 884 601 exercitu
929 534 1207 600 futurum
1251 535 1317 599 in
1362 534 1742 600 Macedonia
1787 555 1959 599 esse:
2009 535 2092 599 ad
2124 555 2290 614 eum,
2337 536 2391 601 si
2437 535 2807 601 satisfacere

417 623 481 686 in
524 622 734 687 animo
783 629 969 701 esset,
1004 622 1278 687 mitteret
1306 623 1578 704 legatos.
1625 621 1892 686 Romam
1924 621 2095 704 quod
2136 630 2467 706 praeterea
2511 622 2805 703 mitteret,

363 733 385 770 ἰ
415 730 541 774 ιιοιι
587 729 761 791 esse3
814 708 1051 773 nemini
1096 709 1263 773 enim
1309 729 1528 773 eorum
1586 728 1700 791 per
1744 708 2000 772 Italiam
2043 709 2135 774 ire
2181 709 2517 774 liciturum.
2579 709 2672 774 ita
2718 709 2809 773 di·
2836 732 2859 770 5

416 795 624 861 missis
669 795 741 860 P.
790 795 1030 860 Licinio
1093 795 1335 860 consuli
1396 795 1766 859 mandatum
1813 802 1927 870 est,
1974 795 2139 860 intra
2183 795 2585 861 undecimum
2639 795 2811 861 diem

413 882 659 947 iuberet
705 902 814 947 eos
846 882 1035 946 Italia
1066 881 1394 961 excedere,
1445 889 1509 947 et
1548 882 1654 966 Sp.
1692 881 2038 946 Carvilium
2082 882 2375 963 mitteret,
2428 883 2552 965 qui,
2603 882 2810 948 donec

362 993 386 1031 8
414 990 642 1034 navem
688 968 1219 1049 conscendissent,
1269 968 1630 1034 custodiret.
1681 967 1842 1033 haec
1872 969 2111 1034 Romae
2156 976 2301 1034 acta
2344 969 2626 1034 nondum
2669 990 2811 1054 pro-

415 1056 598 1120 fectis
643 1055 711 1119 in
754 1055 1147 1139 provinciam
1178 1056 1561 1120 consulibus.
1610 1056 1750 1119 Iam
1782 1056 1892 1120 Gn.
1925 1056 2215 1135 SiciniuS,
2266 1056 2394 1138 qui,
2440 1056 2807 1140 priusquam

415 1142 790 1224 magistratu
835 1141 1056 1220 abiret,
1104 1141 1510 1207 Brundisium
1556 1141 1641 1206 ad
1687 1143 1958 1207 classem
2004 1150 2066 1207 et
2111 1142 2196 1206 ad
2242 1143 2587 1207 exercitum
2632 1163 2810 1227 prae·
2839 1166 2887 1203 ιο

415 1228 643 1293 missus
691 1237 843 1309 erat,
894 1228 1174 1293 traiectis
1218 1228 1284 1291 in
1316 1229 1578 1313 Epirum
1625 1229 1900 1311 quinque
1930 1229 2182 1294 milibus
2220 1228 2523 1312 peditum,
2572 1236 2811 1294 trecen-

414 1315 495 1380 tis
557 1315 895 1398 equitibus,
942 1315 1026 1379 ad
1079 1315 1530 1399 Nymphaeum
1574 1315 1640 1380 in
1699 1336 1856 1397 agro
1918 1316 2306 1400 Apolloniati
2368 1323 2576 1381 castra
2621 1316 2813 1381 habe-

363 1427 386 1464 9
415 1402 543 1467 bat.
589 1401 739 1466 inde
797 1402 1086 1467 tribunos
1148 1422 1290 1466 cum
1352 1401 1599 1466 duobus
1659 1402 1913 1467 milibus
1973 1402 2242 1467 militum
2293 1402 2378 1466 ad
2438 1401 2812 1485 occupanda

415 1488 921 1553 Dassaretiorum
953 1495 1015 1553 et
1045 1488 1407 1571 Illyriorum
1437 1489 1716 1569 castella,
1762 1489 1917 1573 ipsis
1956 1489 2421 1554 accersentibus
2468 1488 2806 1573 praesidia,

416 1582 484 1639 ut
528 1575 788 1640 tutiores
833 1597 875 1641 a
916 1575 1319 1639 finitimorum
1362 1574 1604 1660 impetu
1649 1575 2071 1640 Macedonum
2116 1583 2347 1660 essent,
2394 1575 2580 1640 misit.
2840 1596 2888 1636 15

365 1721 386 1757 1
623 1694 972 1761 XXXVII.
1019 1695 1246 1760 Paucis
1299 1702 1445 1779 post
1504 1695 1728 1761 diebus
1792 1695 1868 1772 Q.
1917 1696 2193 1761 Marcius
2238 1706 2296 1760 et
2346 1696 2421 1761 A.
2471 1695 2701 1761 Atilius
2750 1704 2812 1760 et

418 1783 486 1847 P.
537 1790 599 1847 et
645 1783 778 1848 Ser.
831 1782 1104 1848 Cornelii
1165 1782 1413 1847 Lentuli
1459 1788 1524 1847 et
1569 1783 1636 1846 L.
1702 1782 2046 1864 Decimius,
2093 1783 2290 1865 legati
2350 1782 2416 1847 in
2476 1782 2812 1848 Graeciam

416 1869 613 1951 missi,
678 1869 1022 1953 Corcyram
1079 1869 1368 1954 peditum
1425 1869 1597 1933 mille
1644 1889 1863 1934 secum
1908 1869 2333 1953 advexerunt3
2396 1869 2486 1932 ibi
2531 1868 2696 1933 inter
2741 1890 2810 1934 se

363 1980 388 2017 2
417 1963 480 2021 et
545 1957 860 2039 regiones,
931 1977 1090 2039 quas
1159 1956 1422 2037 obirent,
1492 1963 1555 2020 et
1622 1955 1851 2021 milites
1916 1955 2280 2021 diviserunt.
2353 1957 2421 2020 L.
2475 1955 2810 2029 ,Decimius

417 2043 645 2109 missus
701 2050 797 2108 est
856 2043 941 2107 ad
1001 2042 1295 2109 Gentium
1361 2063 1581 2125 regem
1637 2043 2020 2126 Illyriorum,
2082 2063 2355 2124 eumque
2418 2042 2471 2108 si
2531 2042 2812 2123 aliquem
2839 2065 2888 2103 20

416 2139 771 2215 respectum
831 2130 1148 2195 amicitiae
1202 2151 1416 2195 secum
1476 2130 1711 2194 habere
1772 2137 2075 2211 cerneret,
2121 2135 2450 2215 temptare,
2497 2137 2566 2194 ut
2619 2130 2812 2194 etiam

363 2240 388 2278 3
416 2217 500 2280 ad
554 2217 703 2281 belli
764 2217 1133 2282 societatem
1191 2217 1544 2300 perliceret,
1605 2217 1833 2282 iussus.
1897 2217 2147 2280 Lentuli
2206 2217 2271 2280 in
2332 2216 2814 2301 Cephallaniam

628 2360 673 2408 1.
730 2355 1061 2410 hesitabant.
1094 2354 1103 2422 Ι
1135 2360 1183 2408 2.
1222 2355 1487 2409 Licinius.
1521 2353 1529 2423 Ι
1561 2359 1610 2409 4.
1653 2355 1956 2437 mitteroe*.
1995 2353 2450 2423 lquopreterea.l
2488 2357 2535 2408 5.
2576 2361 2740 2409 esset.
2800 2353 2810 2422 Ι

415 2460 712 2528 neminem,
750 2460 964 2514 nemini
1000 2462 1149 2513 enim
1183 2461 1385 2524 Duker,
1424 2461 1495 2529 ιγ’.
1519 2458 1712 2513 Novdk
1742 2479 1798 2529 p.
1824 2459 1957 2513 261.
2008 2459 2015 2524 Ι
2066 2464 2115 2514 6.
2135 2460 2609 2532 =mandatumettra
2631 2485 2644 2500 ·
2665 2460 2743 2512 XI
2766 2487 2777 2499 ·
2800 2501 2813 2527 ,

416 2546 739 2599 mandatum
776 2551 878 2613 est,
916 2547 1062 2600 intra
1093 2547 1185 2599 XI.
1224 2547 1439 2599 Harant
1467 2566 1525 2617 p.
1550 2543 1670 2598 242
1709 2546 2047 2612 (mandatum
2073 2546 2221 2598 intra
2246 2546 2338 2599 XI.
2366 2550 2442 2599 ed.
2467 2548 2594 2600 Bae.
2622 2544 2813 2612 1531).

420 2627 429 2697 Ι
469 2635 518 2686 8.
557 2634 772 2687 nabem.
822 2631 832 2699 Ι
893 2634 1256 2688 custodirent.
1312 2634 1321 2698 Ι
1388 2637 1468 2686 11.
1528 2634 1920 2701 ·u·peditum.
1987 2630 1997 2698 Ι
2067 2636 2147 2685 12.
2184 2632 2760 2700 Nymfaeuminagro*.
2803 2630 2811 2701 Ι

420 2723 501 2773 13.
540 2720 996 2774 cum-II·milia.
1041 2719 1050 2785 Ι
1089 2721 1789 2788 occupandassaratiorum.
1835 2718 1844 2787 Ι
1890 2722 1970 2774 15.
2009 2719 2283 2801 tuitiores.
2316 2720 2325 2785 Ι
2368 2718 2696 2788 impetuml
2732 2724 2813 2774 16.

417 2824 711 2877 Mercibus.
745 2824 752 2889 Ι
786 2828 840 2877 et
876 2826 997 2876 add.
1036 2825 1104 2876 H.
1142 2825 1187 2877 I.
1213 2824 1408 2876 Maller
1432 2842 1557 2877 ann.
1575 2825 1751 2877 Berol.
1790 2822 1937 2877 1889
1958 2842 2012 2892 p.
2049 2822 2143 2877 56.
2176 2821 2185 2889 Ι
2221 2826 2300 2876 17.
2325 2823 2815 2878 Seruiuscorneli.*

419 2907 430 2976 Ι
472 2914 551 2964 19.
613 2911 841 2965 obirem.
875 2908 883 2977 Ι
915 2911 973 2964 Ρ.
1022 2911 1303 2965 Decimius
1325 2901 1625 2976 (Decimius
1673 2915 1751 2964 ed.
1799 2912 1926 2964 Bas.
1966 2908 2152 2973 1531).
2185 2909 2194 2977 Ι
2225 2915 2308 2964 20.
2337 2911 2814 2978 quemsialiquem,

417 2997 725 3064 <eum>que
752 2997 798 3050 si
835 2998 1074 3065 aliquem
1095 2998 1286 3050 Hartel
1309 3000 1500 3067 ephem.
1527 2997 1705 3050 Austr.
1725 2996 1875 3051 1866
1887 3017 1946 3067 p.
1967 2997 2002 3049 4
2040 2999 2227 3065 (quem
2254 2998 2302 3051 si
2328 2998 2570 3065 aliquem
2597 2998 2817 3051 Harant

411 3102 467 3151 p.
505 3082 640 3148 242,
679 3084 854 3151 Hertz,
893 3084 1032 3136 Riihl
1066 3085 1250 3137 Jahrb.
1273 3086 1332 3152 f.
1370 3084 1509 3137 Phil.
1535 3084 1682 3138 1888
1709 3104 1768 3155 p.
1794 3082 1928 3149 333,
1968 3102 2094 3137 eum
2131 3085 2178 3137 si
2215 3102 2382 3151 quem
2418 3085 2466 3137 I.
2490 3084 2814 3148 PerizoniuS,

419 3170 466 3224 si
502 3170 746 3237 aliquem
770 3171 991 3238 Ilsadviy
1016 3171 1136 3223 Em.
1160 3172 1225 3223 L.
1237 3191 1296 3241 p.
1317 3169 1474 3237 641).
1509 3169 1519 3238 Ι
1551 3175 1634 3224 21.
1662 3170 2317 3238 amicitiaecumhabere*,
2357 3170 2631 3224 amicitiae
2659 3172 2815 3235 <se>-

418 3274 544 3310 cum
580 3258 785 3311 habere
833 3258 1024 3310 Hartel
1059 3261 1092 3311 Ζ.
1130 3261 1180 3324 Ζ.,
1221 3260 1374 3327 prob.
1412 3259 1628 3311 Harant
1664 3261 1697 3311 Ζ.
1736 3262 1771 3311 Ζ.
1823 3256 2116 3325 (amicitiae
2156 3276 2282 3312 eum
2319 3258 2522 3311 habere
2566 3260 2644 3310 ed.
2683 3259 2815 3311 Bas.

418 3343 584 3411 1531,
620 3344 855 3414 Asadviy,
895 3345 1070 3411 Hertz,
1109 3345 1385 3399 amicitiae
1424 3345 1628 3398 habere
1665 3347 1711 3398 Ι.
1750 3346 2068 3410 Perizonius,
2107 3345 2380 3397 amicitiae
2406 3338 2533 3398 cum
2567 3345 2815 3413 <populo

418 3432 702 3493 Romano>
739 3430 940 3484 habere
993 3433 1347 3485 Weissenborn
1397 3434 1451 3484 in
1488 3434 1567 3485 ed.
1609 3433 1818 3499 Teubn.,
1851 3432 1990 3485 Riihl
2032 3435 2065 3484 Ζ.
2102 3431 2183 3497 Ζ.).
2227 3429 2235 3498 Ι
2279 3431 2817 3499 temptaretutetiam

514 3559 527 3572 .
584 3558 596 3572 .
624 3517 1159 3585 perligeretiussu8,*
1189 3522 1460 3585 temptare
1484 3522 1549 3571 ut
1575 3518 1743 3571 etiam
1771 3559 1785 3573 .
1840 3558 1854 3572 .
1910 3558 1924 3572 .
1953 3519 2252 3586 perliceret
2278 3517 2458 3571 iussus
2482 3517 2672 3569 Hartel
2701 3520 2736 3570 Ζ.
2764 3520 2814 3583 Ζ.,

416 3609 742 3674 temptaret3
782 3609 845 3658 ut
883 3605 1049 3659 etiam
1078 3645 1092 3659 .
1149 3646 1161 3659 .
1218 3645 1231 3659 .
1259 3605 1578 3673 perliceret,
1617 3605 1799 3659 iussus
1818 3605 2034 3657 Harant
2057 3607 2092 3658 Ζ.
2117 3607 2168 3672 Ζ.,
2208 3609 2488 3658 retentare
2525 3603 2816 3657 autetiam

514 3733 527 3746 .
583 3732 597 3746 .
626 3692 896 3760 perlicere
931 3692 1115 3745 iussus
1152 3692 1370 3760 Madviy
1406 3694 1442 3744 Ζ.
1478 3694 1529 3759 Ζ.,
1563 3693 1712 3761 prob.
1747 3693 1943 3746 Vahlen
1979 3694 2170 3761 ephem.
2191 3692 2368 3743 Austr.
2407 3689 2554 3744 1861
2583 3709 2641 3758 p.
2681 3689 2813 3757 257,

417 3783 725 3832 retentaret
776 3783 873 3832 aut
914 3779 1078 3832 etiam
1109 3819 1122 3833 .
1179 3819 1192 3833 .
1220 3778 1518 3846 perliceret
1575 3777 1691 3844 (del.
1728 3777 1933 3845 iussus)
1973 3779 2147 3843 Hertz,
2198 3783 2495 3844 temptaret
2543 3783 2606 3831 ut
2645 3779 2815 3832 etiam

513 3908 526 3920 .
583 3906 595 3920 .
624 3865 921 3933 perliceret
959 3864 1075 3931 (del.
1114 3865 1319 3928 iussus)
1357 3865 1497 3917 Riihl
1532 3868 1566 3918 Ζ.
1604 3868 1637 3918 Ζ.
1670 3864 1679 3932 Ι
1712 3869 1794 3919 22.
1836 3866 2224 3933 Cepallaniam.
