3005 4257
272 1098 300 1140 6

273 1277 299 1319 7

273 1454 299 1497 8

274 1633 295 1673 1

273 1723 300 1763 2

340 171 424 233 66
847 185 1076 239 LIBER
1115 184 1316 239 XLIV.
1358 184 1524 238 CAP.
1563 185 1651 237 44.
1689 185 1777 240 45.
1818 187 1884 253 [a.
1926 185 1991 239 U.
2033 201 2080 243 c.
2120 185 2245 253 586]

552 363 989 446 Amphipolim
1039 384 1180 427 cum
1228 364 1357 427 iam
1404 362 1581 428 fama
1619 383 1877 447 pugnae
1924 364 2330 446 pervenisset
2376 383 2747 428 concursus-

339 472 462 534 que
513 459 945 516 matronarum
993 452 1060 516 in
1107 454 1417 535 templum
1466 453 1741 532 Dianae,
1791 472 1982 533 quam
2031 453 2442 535 Tauropolon
2489 459 2748 530 vocant,

337 542 421 606 ad
452 561 637 625 opem
673 542 1148 624 exposcendam
1181 542 1376 621 fieret,
1406 542 1748 617 Diodorus,
1781 542 1889 623 qui
1918 550 2215 624 praeerat
2244 541 2405 617 urbi,
2436 547 2748 619 metuens,

339 650 417 695 ne
483 632 787 708 ThraceS‚
855 652 1120 712 quorum
1190 632 1315 695 duo
1374 631 1552 694 milia
1615 632 1682 694 in
1748 631 2072 713 praesidio
2127 638 2331 710 erant,
2398 631 2621 695 urbem
2678 631 2744 694 in

338 722 608 785 tumultu
669 720 1036 802 diriperent,
1084 720 1166 784 ab
1216 721 1565 784 subornato
1614 721 1696 783 ab
1755 739 1824 784 se
1871 740 1986 802 per
2042 720 2371 784 fallaciam
2428 722 2495 783 in
2543 720 2744 783 tabel·
2811 745 2834 787 5

337 810 483 875 larii
549 809 832 893 speciem
898 810 1144 874 litteras
1210 810 1275 872 in
1341 808 1478 873 foro
1547 810 1758 874 medio
1826 809 2094 891 accepit.
2162 808 2468 891 scriptum
2533 809 2600 871 in
2666 808 2746 873 iis

337 907 496 975 erat,
545 899 630 963 ad
679 899 1044 963 Emathiam
1094 900 1368 962 classem
1416 901 1773 963 Romanam
1824 899 2165 980 adpulsam
2214 918 2371 977 esse,
2428 917 2746 979 agrosque

338 989 511 1052 circa
558 989 809 1068 vexar13
857 1008 1039 1054 orare
1077 989 1441 1069 praefectos
1479 988 1838 1063 Emathiae,
1886 996 1955 1052 ut
2001 987 2396 1070 praesidium
2437 987 2747 1051 adversus

338 1077 753 1160 populatores
802 1077 1029 1141 mittat.
1088 1076 1188 1140 his
1237 1076 1422 1140 lectis
1470 1077 1761 1141 hortatur
1805 1077 2112 1155 Thracas,
2169 1082 2237 1141 ut
2296 1077 2381 1140 ad
2437 1078 2742 1141 tuendam

338 1166 681 1231 Emathiae
737 1187 914 1230 oram
970 1166 1484 1249 proficiscantur:
1554 1187 1858 1248 magnam
1915 1185 2024 1230 eos
2083 1165 2353 1230 caedem
2410 1166 2744 1248 praedam·
2785 1190 2837 1231 10

339 1276 462 1337 que
518 1256 760 1338 palatis
817 1256 1057 1338 passim
1117 1275 1231 1338 per
1291 1276 1479 1337 agros
1538 1255 1847 1321 Romanis
1913 1255 2211 1320 facturos
2277 1255 2465 1319 simul
2531 1255 2747 1319 elevat

339 1344 576 1408 famam
626 1346 944 1409 adversae
984 1365 1265 1427 pugnae:
1316 1365 1480 1424 quae
1530 1344 1585 1408 si
1633 1365 1790 1408 vera
1836 1344 2015 1424 foret,
2064 1344 2261 1408 alium
2310 1365 2500 1427 super
2549 1345 2747 1408 alium

337 1443 623 1499 recentes
682 1455 763 1497 ex
832 1433 984 1516 fuga
1042 1441 1344 1498 venturos
1391 1433 1609 1498 fuisse.
1666 1454 1781 1516 per
1834 1434 2002 1498 hanc
2060 1453 2322 1502 causam
2387 1433 2747 1498 Thracibus

339 1524 675 1607 ablegatis,
717 1523 905 1587 simul
941 1530 1374 1606 transgressos
1414 1543 1524 1588 eos
1563 1522 1971 1607 Strymonem
2012 1523 2193 1604 vidit,
2240 1528 2460 1605 portas
2498 1524 2747 1586 clausit.

552 1613 747 1677 XLV.
795 1613 1010 1677 Tertio
1067 1613 1171 1677 die
1226 1615 1522 1687 PerseuS,
1590 1633 1780 1694 quam
1844 1619 2197 1694 pugnatum
2262 1619 2418 1687 erat,
2484 1611 2747 1694 Amphi·
2787 1634 2838 1677 15

340 1701 538 1788 polim
578 1702 773 1766 venit.
814 1703 965 1766 inde
1006 1709 1289 1767 oratores
1329 1723 1471 1766 cum
1513 1702 1798 1766 caduceo
1839 1703 1925 1765 ad
1953 1702 2223 1765 Paulum
2264 1701 2455 1764 misit.
2494 1701 2746 1764 interim

339 1790 616 1874 Hippias
683 1801 745 1855 et
810 1791 1029 1855 Midon
1095 1800 1158 1856 et
1222 1791 1656 1867 PantauchUS,
1734 1791 2060 1875 principes
2134 1791 2482 1854 amicorum
2553 1790 2747 1873 regiS‚

343 1880 611 1957 Beroea,
680 1901 803 1962 quo
870 1901 949 1945 ex
1018 1882 1159 1944 acie
1227 1881 1669 1963 confugerant,
1734 1881 1860 1964 ipsi
1929 1880 2013 1943 ad
2079 1881 2408 1944 consulem
2474 1879 2748 1961 profecti

340 1971 650 2035 Romanis
707 1991 776 2035 se
835 1969 1092 2034 dedunt.
1157 1970 1279 2034 hoc
1336 1970 1507 2034 idem
1566 1977 1628 2034 et
1686 1970 1797 2033 alii
1865 1969 2174 2051 deinceps
2231 1978 2407 2033 metu
2470 1970 2749 2051 perculsi

344 2060 662 2142 parabant
720 2059 953 2124 facere.
1011 2060 1235 2123 consul
1293 2060 1536 2123 nuntiis
1601 2059 1912 2123 victoriae
1972 2058 2047 2135 Q.
2107 2058 2313 2122 Fabio
2370 2057 2500 2123 filio
2557 2066 2619 2121 et
2675 2059 2746 2122 L.
2785 2079 2843 2120 ao

341 2151 616 2213 Lentulo
655 2159 717 2213 et
760 2149 833 2225 Q.
872 2148 1130 2213 Metello
1181 2171 1321 2214 cum
1371 2149 1603 2213 litteris
1651 2150 1921 2213 Romam
1971 2149 2182 2213 missis
2230 2149 2436 2231 spolia
2473 2148 2749 2212 iacentis

339 2238 620 2303 hostium
663 2239 983 2304 exercitus
1021 2239 1347 2322 peditibus
1387 2239 1725 2315 concessit,
1775 2238 2098 2318 equitibus
2135 2237 2446 2321 praedam
2484 2238 2749 2302 circum-

338 2328 491 2392 iecti
539 2329 701 2410 agri,
751 2329 903 2392 dum
951 2349 1031 2391 ne
1091 2328 1367 2410 amplius
1416 2328 1667 2393 duabus
1713 2329 2005 2392 noctibus
2055 2349 2093 2390 a
2141 2327 2371 2391 castris
2428 2328 2750 2392 abessent.

342 2418 481 2499 ipse
539 2418 802 2500 propius
871 2438 1044 2480 mare
1105 2417 1190 2480 ad
1240 2418 1534 2500 Pydnam
1594 2426 1805 2481 castra
1864 2416 2077 2481 movit.
2145 2418 2391 2481 Beroea.
2456 2417 2753 2499 primum,

342 2507 577 2570 deinde
614 2507 1075 2571 Thessalonica
1112 2514 1176 2570 et
1214 2507 1397 2570 Pella
1436 2515 1498 2570 et
1540 2506 1846 2588 deinceps
1886 2507 2091 2570 omnis
2130 2505 2329 2569 ferme
2368 2504 2754 2569 Macedonia
2791 2522 2847 2565 25

561 2756 606 2806 1.
645 2754 992 2821 ampipolim.
1027 2755 1034 2821 Ι
1068 2755 1116 2807 2.
1157 2754 1672 2823 quemlauropolon.
1710 2755 1717 2821 Ι
1751 2756 1799 2808 3.
1839 2755 2010 2809 fleret.
2047 2756 2053 2821 Ι
2096 2754 2350 2824 ρῐθζΙθωῒ.
2386 2755 2392 2822 Ι
2426 2755 2476 2806 4.
2515 2756 2746 2815 traces!

343 2844 390 2896 5.
433 2843 1161 2910 diriperentautsubornato.
1198 2845 1206 2911 Ι
1240 2844 1515 2897 tabellari.
1550 2845 1557 2910 Ι
1592 2844 1641 2897 6.
1672 2845 1976 2911 sciriptum.
2012 2847 2020 2910 Ι
2054 2847 2102 2897 8.
2143 2847 2347 2897 osrare.
2383 2845 2389 2911 Ι
2425 2846 2472 2896 9.
2512 2847 2754 2896 ortatur-

342 2938 543 2985 tracas.
579 2933 586 3000 Ι
624 2933 704 2984 11.
727 2934 956 2986 romani.
994 2933 1000 2998 Ι
1038 2933 1119 2985 12.
1143 2932 1396 2986 aduersa.
1433 2932 1440 2999 Ι
1479 2932 1558 2986 13.
1581 2934 1842 2987 tracibus.
1880 2935 1886 3002 Ι
1925 2933 2005 2987 14.
2028 2939 2455 3002 eostrymonem.
2491 2935 2498 2996 Ι
2534 2932 2615 2986 15.
2639 2948 2753 2984 am-

343 3021 589 3088 pipolim.
627 3022 633 3088 Ι
671 3021 751 3074 17.
785 3023 1134 3088 panthaucus
1164 3022 1507 3090 (Pantaucus
1539 3022 1616 3074 ed.
1647 3024 1785 3075 Bas.
1816 3023 1994 3090 1531),
2036 3038 2171 3076 corr.
2202 3023 2250 3075 I.
2282 3021 2352 3073 F.
2390 3021 2716 3074 Gronovius
2743 3021 2750 3082 Ι

348 3113 429 3163 18.
469 3126 728 3163 ueroeam
771 3110 1057 3179 (Beroeam
1097 3110 1178 3164 ecl.
1219 3112 1353 3163 Bas,
1395 3112 1584 3179 1531),
1625 3113 1836 3165 Beroea
1875 3111 2140 3179 Kreyssiq
2188 3111 2276 3178 (cf.
2318 3111 2382 3162 de
2418 3110 2468 3163 h.
2510 3110 2545 3163 l.
2584 3109 2659 3162 H.
2699 3110 2752 3162 I.

342 3198 579 3250 Mulleri
617 3199 747 3252 adn.
785 3201 848 3252 in
885 3206 1162 3252 comment.
1212 3200 1613 3254 W'eissenborn.
1645 3219 1703 3267 p.
1744 3204 1894 3263 164).
1938 3203 1943 3266 Ι
1992 3200 2069 3252 19.
2111 3200 2400 3267 sededunt,
2441 3216 2500 3252 se
2539 3198 2755 3252 dedunt

343 3286 608 3355 Kreyssiy
644 3289 879 3352 (dedunt
916 3289 997 3340 ed.
1029 3288 1166 3341 Bas.
1206 3292 1383 3354 1531).
1437 3291 1444 3356 Ι
1496 3290 2356 3356 aliaedeincepsmetuperculsae
2398 3289 2563 3357 (aliae
2601 3286 2757 3340 dein-

343 3391 476 3442 ceps
523 3381 675 3430 metu
725 3377 1014 3443 perculsae
1061 3377 1140 3430 ed.
1181 3379 1316 3432 Bas.
1356 3381 1536 3446 1531),
1586 3379 1683 3432 alii
1731 3378 1995 3445 deinceps
2043 3384 2192 3431 metu
2241 3377 2482 3444 perculsi
2531 3376 2615 3443 (ni
2648 3392 2760 3431 vox

344 3464 604 3519 civitates
659 3467 743 3519 vel
798 3467 963 3520 urbes
1021 3467 1303 3536 eoeciderit)
1357 3467 1406 3519 Ι.
1454 3468 1525 3520 F.
1580 3468 1908 3534 Gronovius,
1956 3468 2234 3535 Kreyssiy,
2284 3466 2428 3519 aliae
2485 3466 2757 3533 deinceps

340 3555 584 3622 <urbes>
619 3561 769 3608 metu
808 3557 1097 3621 perculsae
1136 3556 1383 3624 Madvig).
1420 3558 1425 3623 Ι
1461 3557 1544 3609 20.
1587 3554 2106 3627 υἰοῖοτίἃθᾳΙΙΐειὺίο.
2150 3557 2156 3623 Ι
2200 3556 2285 3608 21.
2325 3561 2452 3623 et.q.
2497 3557 2504 3622 Ι
2550 3555 2758 3608 missis-

347 3643 515 3711 polia.
551 3645 558 3712 Ι
591 3645 674 3701 23.
715 3628 986 3711 alcastri8‚
1028 3661 1060 3696 a
1098 3646 1296 3698 castris
1326 3645 1405 3697 ed.
1436 3646 1573 3700 Bas.
1603 3648 1761 3713 1531,
1794 3646 1864 3699 ab
1895 3646 2092 3699 castris
2121 3645 2401 3713 Kreyssiy,
2434 3646 2500 3710 cf.
2531 3644 2761 3712 Fuyner

348 3732 480 3786 Lex.
521 3733 641 3787 Liv.
671 3751 732 3802 p.
774 3736 853 3787 22
891 3733 1008 3803 (ubi
1047 3749 1185 3787 corr.
1223 3734 1294 3786 44
1335 3735 1465 3804 [pro
1502 3735 1614 3802 45]‚
1659 3737 1752 3802 45,
1799 3735 1872 3804 4).
1908 3736 1915 3803 Ι
1957 3735 2044 3787 24.
2083 3750 2303 3788 ueroea.
2347 3736 2354 3801 Ι
2397 3735 2482 3786 25.
2522 3733 2759 3787 tessalo-

347 3822 488 3875 nica.
526 3825 532 3892 Ι
