3005 4257
402 223 480 284 16
907 234 1133 288 LIBER
1171 235 1375 288 XLIV.
1415 235 1580 289 CAP.
1625 236 1707 288 10.
1750 236 1832 288 11.
1876 237 1950 303 [a.
1990 234 2055 288 U.
2094 250 2140 287 c.
2181 235 2305 303 585]

331 437 358 479 s
397 414 598 493 abest,
646 413 957 477 adversus
1005 413 1303 497 Pydnam
1350 414 1582 495 posita,
1629 413 1857 478 fertilis
1905 434 2078 496 agro,
2134 415 2523 498 pervastatis
2571 414 2809 479 finibus

398 503 535 567 eius
581 504 870 584 legentes
910 523 1089 566 oram
1128 503 1559 584 Antigoneam
1596 503 1992 585 perveniunt.
2041 503 2133 567 ibi
2172 504 2417 584 egressi
2464 506 2530 568 in
2568 512 2807 568 terram

397 592 601 673 primo
641 600 705 655 et
741 600 1079 656 vastarunt
1116 611 1305 673 agros
1352 591 1598 674 passim
1647 601 1709 656 et
1746 592 2145 672 aliquantum
2194 594 2481 675 praedae
2528 595 2803 657 contule-

335 702 363 745 9
400 690 545 746 runt
582 682 667 746 ad
707 702 929 748 naves.
981 683 1132 745 dein
1180 682 1434 764 palatos
1483 700 1594 745 eos
1636 682 1843 745 adorti
1882 680 2285 761 Macedones,
2335 683 2517 747 mixti
2555 683 2808 765 pedites

400 772 790 851 equitesque,
837 769 1156 854 fugientes
1205 770 1403 834 effuse
1452 770 1538 833 ad
1587 790 1763 835 mare
1811 772 2131 854 persecuti
2171 771 2559 855 quingentos
2607 772 2806 836 ferme

309 881 363 923 πο
401 860 774 925 occiderunt
845 868 907 924 et
983 880 1107 923 non
1185 860 1396 924 minus
1471 868 1795 942 ceperunt.
1870 881 1989 926 nec
2055 861 2236 925 aliud
2312 882 2505 942 quam
2575 862 2808 926 ultima

402 951 770 1030 necessitaS,
819 970 961 1014 cum
999 949 1286 1030 recipere
1335 970 1403 1013 se
1441 957 1575 1013 tuto
1614 950 1698 1014 ad
1739 971 1942 1015 naves
1989 950 2497 1032 prohiberentur,
2555 952 2804 1014 animos

402 1041 674 1105 militum
703 1042 1133 1104 Romanorum
1176 1038 1363 1101 simul
1405 1037 1854 1121 desperatione
1885 1040 2017 1103 alia
2047 1040 2273 1104 salutis
2306 1041 2494 1104 simul
2529 1040 2803 1123 indigni-

309 1149 357 1190 11
400 1137 533 1192 tate
580 1128 886 1194 inritavit.
935 1126 1371 1207 redintegrata
1421 1130 1485 1189 in
1534 1129 1718 1191 litore
1766 1148 1984 1210 pugna
2033 1137 2153 1209 est;
2204 1130 2533 1211 adiuvere,
2583 1129 2689 1211 qui
2737 1129 2805 1191 in

398 1219 675 1282 navibus
715 1224 915 1281 erant.
962 1216 1055 1279 ibi
1103 1216 1527 1280 Macedonum
1567 1216 1829 1279 ducenti
1868 1218 2067 1281 ferme
2107 1219 2300 1296 caesi,
2347 1239 2466 1300 par
2505 1238 2805 1283 numerus

401 1318 646 1388 captus.
703 1308 801 1370 Ab
862 1305 1226 1386 Antigonea
1283 1305 1512 1368 classis
1570 1304 1859 1387 profecta
1926 1307 2012 1368 ad
2070 1326 2295 1387 agrum
2354 1308 2806 1372 Pallenensem

311 1416 362 1457 12
403 1396 840 1459 escensionem
898 1394 984 1457 ad
1039 1393 1478 1475 populandum
1536 1392 1703 1457 fecit.
1760 1393 1981 1457 finium
2036 1394 2091 1458 is
2157 1415 2313 1475 ager
2371 1396 2804 1461 Cassandren-

404 1487 566 1548 sium
626 1490 781 1561 erat,
849 1484 1041 1564 longe
1108 1482 1544 1547 fertilissimus
1610 1484 1817 1547 omnis
1884 1503 2051 1561 orae,
2119 1502 2311 1564 quam
2377 1487 2805 1566 praetervecti

402 1572 670 1637 fuerant.
700 1572 791 1637 ibi
820 1574 1141 1636 Eumenes
1170 1592 1300 1652 rex,
1330 1572 1561 1655 viginti
1591 1573 1780 1637 tectis
1812 1573 2086 1637 navibus
2117 1573 2198 1637 ab
2229 1573 2431 1636 Elaea
2459 1574 2805 1656 profectus,

403 1662 631 1725 obvius
677 1661 798 1727 fuit
847 1671 910 1726 et
958 1661 1239 1744 quinque
1286 1663 1523 1727 missae
1568 1684 1609 1726 a
1656 1662 1883 1727 Prusia
1929 1682 2082 1745 rege
2129 1670 2335 1726 tectae
2384 1681 2604 1726 naves,

339 1771 361 1811 1
616 1752 726 1815 XI.
801 1751 943 1815 Hac
1009 1752 1241 1815 virium
1317 1753 1687 1817 accessione
1763 1751 2014 1815 animus
2090 1750 2290 1816 crevit
2363 1751 2660 1834 praetori,
2737 1759 2809 1815 ut

338 1860 363 1901 2
403 1839 874 1905 Cassandream
923 1848 1343 1924 oppugnaret.
1392 1842 1654 1904 condita
1702 1849 1799 1904 est
1837 1861 1878 1904 a
1916 1840 2282 1906 Cassandro
2330 1861 2500 1923 rege.
2531 1841 2593 1905 in
2645 1841 2806 1923 ipsis

403 1929 718 2008 faucibus,
770 1950 935 2011 quae
982 1931 1426 1995 Pallenensem
1477 1951 1703 2012 agrum
1752 1938 2004 1994 ceterae
2053 1930 2471 1994 Macedoniae
2519 1931 2806 2012 iungunt.

339 2036 363 2078 3
404 2017 554 2081 hinc
601 2020 976 2098 Toronaic0‚
1033 2019 1180 2082 hinc
1238 2019 1660 2083 Macedonico
1718 2029 1943 2122 saepta
2000 2020 2185 2083 mari.
2246 2020 2483 2083 eminet
2532 2040 2806 2100 namque

401 2109 466 2170 in
506 2109 705 2172 altum
745 2109 985 2192 lingua,
1024 2108 1091 2172 in
1130 2127 1257 2189 qua
1294 2108 1415 2173 sita
1455 2117 1570 2189 est,
1609 2131 1728 2174 nec
1769 2112 1977 2174 minus
2018 2130 2207 2191 quam
2249 2110 2457 2174 elatus
2496 2115 2816 2198 magnitu—

405 2198 553 2262 dine
592 2198 759 2262 Atho
800 2219 979 2263 mons
1018 2199 1314 2279 excurrit,
1362 2199 1634 2263 obversa
1672 2200 1738 2262 in
1777 2201 2103 2280 regionem
2145 2199 2520 2282 Magnesiae
2562 2200 2807 2263 duobus

404 2288 737 2391 inparibus
804 2287 1276 2371 promunturiis,
1344 2308 1607 2369 quorum
1675 2288 1901 2352 maiori
1974 2287 2318 2352 Posideum
2387 2296 2485 2352 est
2559 2308 2806 2366 nomen,

339 2394 364 2434 4
404 2377 627 2440 minori
668 2378 1149 2443 Canastraeum.
1198 2377 1427 2442 divisis
1466 2377 1756 2459 partibus
1796 2397 2170 2460 oppugnare
2210 2378 2432 2441 adorti.
2482 2380 2808 2441 Romanus

405 2466 491 2530 ad
548 2467 767 2547 Clitas,
834 2486 994 2547 quas
1062 2475 1311 2543 vocant,
1380 2468 1792 2544 munimenta,
1859 2466 2066 2529 cervis
2124 2467 2317 2529 etiam
2384 2466 2672 2545 obiectis,
2740 2477 2811 2531 ut

620 2714 666 2765 1.
706 2730 929 2784 pynam.
982 2715 988 2778 Ι
1039 2713 1442 2785 ferlltilisagrOS‚
1491 2714 1691 2768 fertilis
1740 2730 1878 2782 agro
1925 2714 1991 2766 cl.
2030 2712 2334 2781 XXVIII,
2378 2717 2471 2780 37,
2514 2718 2551 2765 8
2587 2713 2813 2781 Fe'tyner

404 2802 537 2855 Lex.
575 2802 644 2855 L.
674 2821 735 2870 p.
782 2807 912 2870 736,
952 2803 1021 2870 cf.
1060 2804 1139 2856 H.
1177 2806 1228 2856 1.
1266 2804 1478 2856 Maller
1528 2820 1658 2856 arm.
1698 2803 1882 2855 Berol.
1934 2805 2089 2855 1892
2116 2820 2177 2870 p.
2216 2807 2303 2870 14,
2342 2802 2512 2857 fertili
2550 2819 2688 2869 agro
2726 2803 2808 2855 ed.

402 2893 541 2944 Bas,
579 2896 735 2945 1531.
788 2895 796 2958 Ι
847 2894 896 2945 2.
935 2898 1128 2946 teram.
1181 2896 1188 2958 !
1237 2893 1288 2945 3.
1328 2893 1554 2960 praede.
1605 2894 1613 2961 Ι
1663 2894 1714 2945 4.
1754 2892 1938 2956 deind.
1990 2894 1996 2957 Ι
2049 2893 2098 2945 5.
2140 2894 2369 2946 effusae.
2404 2894 2411 2961 Ι
2445 2892 2719 2959 persecuti
2759 2909 2808 2944 a.

404 2982 593 3034 ferme.
637 2985 643 3048 Ι
686 2983 736 3034 8.
788 2982 900 3036 alia
946 2982 1142 3035 ἐπεῖπε.
1192 2982 1267 3034 H.
1307 2983 1357 3035 1.
1396 2982 1608 3035 Mzzzzer
1652 2983 1714 3034 in
1762 2982 1892 3034 adn.
1940 2982 2039 3049 ed„
2079 2982 2281 3035 Novcik
2316 2982 2477 3051 Listy
2511 2981 2600 3050 fil.
2639 2985 2806 3044 1885,

407 3069 513 3136 def.
552 3071 755 3123 Παντεῖ
783 3089 844 3138 p.
887 3075 979 3138 46,
1017 3072 1244 3140 Ειῖρπεν
1279 3071 1415 3124 Leoe.
1454 3071 1523 3123 L.
1553 3087 1614 3137 p.
1660 3074 1776 3124 939
1813 3071 1979 3140 (alius
2018 3072 2157 3124 coni.
2204 3070 2524 3138 Wesenbery
2548 3087 2608 3136 p.
2649 3071 2804 3132 320).

405 3161 454 3211 9.
510 3160 886 3230 rellintegrata.
939 3162 947 3227 Ι
999 3159 1663 3231 pugnaestatiuaessquiin,
1722 3177 1915 3228 pugna
1970 3166 2079 3228 est3
2139 3161 2404 3215 adiuvere
2461 3164 2516 3213 et
2571 3159 2647 3223 (et
2704 3156 2806 3209 del.

404 3247 680 3318 Kreyssiy,
719 3250 1055 3304 adiuverunt
1093 3267 1241 3317 susp.
1277 3250 1494 3316 Novak)
1533 3250 1629 3319 qui
1678 3251 1735 3303 in
1774 3251 1854 3303 ed.
1893 3251 2030 3303 Bas.
2067 3254 2224 3303 1531.
2288 3250 2295 3313 Ι
2359 3251 2438 3301 11.
2479 3245 2762 3312 antigone.
2797 3249 2803 3311 Ι

408 3338 490 3390 12.
530 3338 948 3410 θΧοθῃείοΙΙῑιθιυ.
1001 3341 1007 3407 Ι
1063 3341 1143 3393 13.
1183 3339 1532 3393 fert-issimus.
1585 3342 1593 3407 Ι
1646 3354 1984 3409 oraelquam.
2039 3342 2046 3407 Ι
2109 3340 2190 3392 14.
2231 3339 2360 3393 eibi.
2403 3338 2411 3404 Ι
2462 3335 2586 3389 ΧΧ.
2630 3336 2638 3401 Ι
2682 3336 2809 3388 ade-

404 3427 509 3481 lea.
552 3429 558 3496 Ι
604 3430 686 3481 15.
726 3427 1166 3499 missiaprisllsae.
1210 3431 1218 3498 Ι
1265 3430 1348 3481 16.
1389 3429 1733 3483 accensione.
1777 3431 1784 3498 Ι
1827 3428 2127 3500 praetollrii.
2170 3430 2179 3497 Ι
2222 3428 2304 3480 18.
2343 3441 2468 3495 que.
2513 3424 2520 3492 Ι
2562 3423 2763 3493 iungit.
2799 3424 2804 3486 Ι

410 3517 491 3569 19.
529 3516 1060 3588 saeptassmeminent‚
1101 3535 1236 3571 corr.
1287 3518 1366 3570 ed.
1406 3519 1544 3570 Bas,
1583 3520 1740 3571 1531.
1784 3522 1792 3584 Ι
1835 3519 1921 3571 20.
1968 3515 2580 3584 inaltusmagnitudine,
2629 3515 2809 3568 elatus

407 3607 791 3674 magnitudine
818 3607 1023 3661 Hartel
1049 3625 1111 3674 p.
1145 3612 1238 3674 47,
1276 3607 1518 3660 inclutus
1559 3607 1943 3676 magnitudine
1973 3606 2237 3675 Kreyssiy
2273 3605 2349 3670 (in
2390 3604 2562 3659 altum
2601 3603 2811 3672 magni·

405 3696 598 3749 tudine
637 3696 716 3748 ed.
754 3697 893 3749 Bas.
930 3700 1109 3764 1531).
1163 3698 1170 3763 Ι
1220 3697 1306 3748 22.
1346 3712 1576 3763 poseum
1618 3712 1790 3763 supra
1824 3697 1991 3763 (inter
2027 3711 2052 3748 s
2091 3702 2140 3748 et
2176 3697 2229 3762 e)
2277 3696 2463 3748 eadem
2500 3711 2670 3747 manu
2710 3694 2809 3745 ad-

404 3786 621 3851 scriptis
659 3786 853 3838 lztteris
888 3786 964 3838 id.
1026 3789 1032 3849 Ι
1092 3786 1178 3837 23.
1227 3785 1890 3840 minisnoricanastreum.
1950 3787 1959 3855 Ι
2018 3784 2253 3889 diversis
2302 3801 2444 3838 com.
2490 3785 2766 3852 Kreyssiy.
2800 3783 2805 3852 Ι

406 3874 491 3925 24.
530 3874 725 3928 cerbis.
760 3876 767 3940 Ι

2848 1228 2901 1271 10

2852 1672 2904 1715 15

2847 2112 2906 2156 20
