3005 4257
369 186 449 250 12
917 184 1139 237 LIBER
1176 185 1368 237 me.
1409 185 1559 237 cAP.
1599 188 1646 238 9.
1690 189 1768 237 10.
1810 183 1879 250 [a.
1920 187 1984 239 U.
2025 203 2070 238 0.
2110 184 2235 251 584]

326 412 347 448 ⁷
378 411 450 460 ut
505 395 757 459 accolas
816 392 1060 475 Illyrici
1123 400 1457 456 tutaretur.
1534 392 1643 476 qui
1702 414 1826 457 non
1890 399 2222 458 contentus
2283 393 2382 473 iis,
2453 412 2612 473 quas
2657 393 2768 457 ad-

378 484 668 559 duxerat,
717 480 918 565 copiis
965 479 1208 543 auxilia
1251 480 1333 543 ab
1383 481 1576 544 sociis
1625 481 2027 563 conrogando
2059 481 2142 544 ad
2174 488 2317 545 octo
2348 480 2527 544 milia
2571 479 2769 543 homi-

378 591 527 634 num
573 592 650 632 eoe
681 568 856 633 vario
904 588 1138 649 genere
1185 567 1469 647 armavit,
1519 576 1987 650 peragrataque
2034 567 2199 631 omni
2250 589 2327 632 ea
2371 567 2633 649 regione
2679 567 2765 630 ad

375 655 776 739 Lychnidum
823 654 1332 718 Dassaretiorum
1379 654 1686 718 consedit.

326 774 346 810 1
587 759 663 823 X.
716 758 906 822 Haud
943 758 1164 842 procul
1208 757 1355 821 inde
1405 757 1677 838 Uscana,
1734 758 2037 843 oppidum
2104 758 2318 821 finium
2385 757 2762 841 plerumque
2792 774 2817 812 5

339 847 616 927 'Persei,
665 854 818 910 erat.
891 846 1111 910 decem
1159 844 1335 909 milia
1381 845 1615 910 civium
1663 844 1941 910 habebat
1972 853 2034 909 et
2082 845 2399 909 modicum
2432 844 2764 910 custodiae

322 949 347 986 2
376 954 571 998 causa
617 931 1015 998 Cretensium
1061 931 1470 1015 praesidium.
1545 932 1691 996 inde
1743 931 1951 995 nuntii
1996 932 2080 995 ad
2128 931 2467 997 Claudium
2528 932 2761 995 occulti

374 1022 730 1100 veniebant,
781 1020 837 1084 si
884 1020 1146 1104 propius
1195 1019 1412 1102 copias
1459 1019 1874 1099 admovisset,
1938 1026 2197 1103 paratos
2249 1017 2402 1098 fore,
2468 1019 2576 1101 qui
2623 1040 2764 1102 pro-

376 1108 598 1173 derent
645 1109 886 1172 urbem.
957 1114 1019 1170 et
1065 1127 1297 1189 operae
1341 1107 1617 1190 pretium
1663 1126 1839 1171 esse:
1902 1127 2028 1170 non
2074 1125 2143 1171 se
2202 1107 2570 1188 amicosque
2628 1113 2763 1169 tan-

321 1207 346 1245 3
374 1203 525 1275 tum,
578 1194 693 1258 sed
740 1194 932 1258 etiam
978 1193 1215 1256 milites
1262 1191 1500 1277 praeda
1557 1194 1972 1277 expleturum.
2046 1213 2197 1276 spes
2258 1192 2591 1277 cupiditati
2652 1193 2760 1257 ad·
2790 1209 2843 1248 10

375 1289 547 1346 mota
592 1281 682 1344 ita
727 1279 1089 1344 occaecavit
1136 1280 1436 1358 animum,
1485 1287 1557 1343 ut
1588 1301 1705 1344 nec
1754 1303 1830 1344 eoe
1876 1277 1972 1361 iis,
2037 1281 2145 1361 qui
2175 1288 2499 1359 venerant,
2550 1299 2760 1362 quem-

375 1389 564 1452 quam
609 1368 930 1447 retineret,
981 1388 1099 1431 nec
1130 1366 1404 1445 obsides,
1454 1368 1686 1451 pignus
1718 1367 1987 1448 futuros,
2034 1369 2211 1432 afore
2248 1367 2541 1432 fraudem
2571 1387 2763 1448 agen-

374 1456 496 1520 dae
541 1455 652 1534 rei,
701 1461 1010 1538 posceret,
1058 1474 1176 1518 nec
1223 1453 1505 1518 mitteret
1551 1453 1969 1538 exploratum,
2018 1475 2136 1519 nec
2185 1454 2374 1519 fidem
2418 1453 2756 1537 acciperet.

374 1543 479 1606 die
523 1550 772 1606 tantum
843 1547 1082 1605 statuta
1148 1541 1472 1624 profectus
1519 1562 1560 1604 a
1605 1541 1958 1624 Lychnido,
2030 1541 2368 1606 duodecim
2434 1541 2614 1605 milia
2677 1541 2760 1605 ab

319 1642 343 1678 ⁴
374 1630 546 1707 urbe,
597 1628 680 1692 ad
711 1649 901 1710 quam
931 1627 1254 1707 tendebat,
1325 1627 1538 1711 posuit
1585 1634 1816 1692 castra.
1885 1636 2113 1708 quarta
2142 1628 2288 1693 inde
2320 1628 2543 1711 vigilia
2575 1628 2762 1711 signa
2790 1641 2842 1679 1⁵

372 1716 570 1780 movit
615 1716 790 1780 mille
836 1716 1036 1779 ferme
1066 1715 1149 1779 ad
1194 1712 1588 1798 praesidium
1636 1723 1985 1780 castrorum
2030 1715 2289 1779 relictis
2356 1715 2757 1799 inconpositi,

372 1804 558 1886 longo
591 1804 846 1884 agmine
879 1802 1090 1879 effusi,
1136 1801 1595 1882 infrequenteS,
1644 1822 1787 1866 cum
1818 1810 2162 1867 nocturnus
2196 1823 2369 1866 error
2400 1802 2755 1884 dissiparet,

319 1901 343 1936 5
372 1891 454 1953 ad
502 1891 722 1954 urbem
774 1896 1217 1974 pervenerunt.
1289 1889 1491 1953 crevit
1552 1890 1974 1972 neclegentia,
2043 1897 2380 1973 postquam
2438 1889 2757 1954 neminem

581 2035 624 2083 1.
673 2027 1232 2096 inlyricitutarentur,
1281 2046 1414 2081 corr.
1453 2029 1499 2082 I.
1539 2028 1854 2081 Perizonius.
1898 2025 1907 2093 Ι
1959 2027 2199 2091 (Harant
2239 2048 2295 2097 p.
2353 2027 2467 2082 261
2519 2031 2565 2081 h.
2609 2029 2643 2081 Z.
2673 2031 2759 2081 -ita

368 2119 634 2188 leyendum
671 2135 731 2170 ao
766 2117 1180 2185 distinquendum
1217 2134 1319 2169 esse
1349 2124 1534 2186 putat.-
1573 2119 1800 2170 senatus
1838 2115 2055 2169 censuit
2090 2116 2391 2170 mittendas
2418 2116 2486 2170 ad
2514 2116 2572 2170 C.
2599 2116 2759 2169 Furi-

368 2225 463 2259 um
517 2207 761 2274 legatum
797 2233 864 2241 —
900 2206 1094 2271 Issam,
1143 2222 1253 2270 qua
1289 2221 1416 2257 cum
1456 2204 1738 2273 praesidio
1784 2244 1798 2259 .
1851 2241 1866 2256 .
1924 2246 1938 2259 .
1984 2204 2200 2258 insulae
2236 2209 2507 2272 praeerat,
2554 2203 2759 2258 missae

368 2297 525 2359 sunt;
569 2294 679 2345 duo
709 2291 862 2344 milia
884 2290 1124 2344 militum
1175 2330 2369 2347 ..................
2400 2290 2758 2359 conscripsit;

367 2408 435 2416 —
471 2383 527 2433 et
564 2379 775 2432 consul.
800 2379 906 2430 Sed
939 2378 1009 2446 cs.
1037 2377 1327 2429 Hartelium
1359 2397 1412 2446 p.
1437 2374 1559 2442 33.)
1592 2375 1603 2443 Ι
1636 2383 1730 2432 co*
1757 2378 1778 2440 ΙΙ
1803 2378 2057 2431 tentusiS.
2090 2374 2099 2443 Ι
2130 2380 2178 2431 2.
2206 2378 2276 2431 ad
2299 2397 2335 2430 u
2360 2373 2431 2428 ΙΙΙ
2454 2397 2465 2409 ·
2492 2378 2514 2440 ΙΙ
2537 2377 2709 2432 milia.
2744 2376 2752 2445 Ι

369 2470 416 2520 3.
442 2465 820 2533 uariogenere‚
845 2464 986 2528 <ex>
1010 2464 1164 2517 vario
1189 2481 1392 2531 genere
1416 2464 1634 2533 Made-iq
1658 2465 1779 2517 Em.
1805 2464 1866 2517 L.
1883 2484 1936 2533 p.
1957 2463 2084 2531 667,
2110 2464 2253 2517 varii
2270 2464 2491 2531 generis
2508 2464 2708 2517 Duker.
2744 2462 2753 2530 Ι

258 2595 262 2599 .
366 2553 632 2606 omniaea.
665 2551 673 2616 Ι
705 2555 754 2605 4.
791 2551 1111 2618 lycidinum,
1149 2551 1459 2617 Lycnidum
1496 2552 1571 2603 ea'.
1597 2551 1725 2604 Bas,
1752 2548 1916 2616 1531,
1955 2568 2090 2604 corr.
2128 2551 2386 2617 Sicyonius.
2418 2547 2427 2615 Ι
2460 2553 2507 2602 5.
2526 2566 2759 2603 uscana-

366 2639 496 2709 oppi
520 2640 543 2703 11
568 2637 1358 2705 dumfiniumpleriqueperseii
1407 2636 1583 2707 (prior
1628 2640 1779 2690 kasta
1828 2639 2028 2691 litterae
2074 2656 2110 2705 p
2165 2635 2298 2706 rep.)
2351 2641 2485 2705 erat,
2536 2636 2759 2691 Uscana

365 2728 631 2796 oppidum
673 2726 867 2779 finium
914 2727 1244 2793 plerumque
1281 2725 1472 2778 Persei
1533 2728 1654 2778 erat
1708 2724 1910 2786 (fuerat
1964 2723 2205 2792 Madvig)
2273 2725 2350 2777 ed.
2405 2726 2531 2777 Bas.
2587 2723 2755 2790 1531,

367 2816 585 2883 Madvig]
624 2812 711 2878 (de
747 2815 1166 2883 interpunctione,
1225 2829 1378 2881 quam
1414 2811 1640 2875 adhibui,
1679 2811 1750 2879 cs.
1787 2809 1857 2863 H.
1895 2809 1941 2863 I.
1979 2810 2173 2862 Mulier
2209 2828 2333 2863 ann.
2382 2810 2557 2862 Berol.
2608 2808 2759 2864 1889

363 2922 415 2971 p.
452 2899 573 2967 38),
635 2900 874 2967 Uscana;
929 2900 1199 2967 oppidum
1252 2897 1447 2950 finium
1501 2897 1754 2964 plerique
1808 2897 1999 2950 Persei
2051 2897 2239 2950 ferunt
2294 2894 2530 2964 (Madciy
2584 2898 2759 2966 apices

364 2989 694 3057 perseiferat
717 2990 772 3041 in
798 2990 905 3041 eod.
931 2996 1105 3039 extare
1130 2988 1372 3055 opinatus
1397 2984 1535 3051 erat)
1577 2986 1764 3037 Hartel
1798 3004 1851 3053 p.
1889 2982 1980 3050 34,
2024 2982 2285 3051 [Uscana]
2327 2984 2593 3052 oppidum
2630 2984 2757 3037 fini—

363 3082 563 3130 timum
598 3076 822 3142 Illyrico
847 3075 1081 3128 Perseus
1117 3073 1438 3127 firmaverat
1472 3074 1607 3124 idem
1643 3074 1764 3124 olim
1799 3075 1988 3141 ephem.
2026 3071 2203 3125 Austr.
2242 3070 2392 3125 1866
2420 3092 2477 3141 p.
2516 3071 2607 3138 12,
2652 3073 2757 3127 Us—

365 3181 502 3217 cana
538 3163 804 3231 oppidum
841 3160 1138 3214 finitimum
1176 3160 1408 3227 imperio
1445 3159 1634 3212 Persei
1670 3163 1791 3212 erat
1837 3160 2208 3225 IVeissenborn,
2248 3161 2465 3214 Uscana
2489 3160 2751 3227 oppidum

364 3251 559 3304 finium
597 3249 924 3318 imperiique
962 3248 1147 3302 Persei
1192 3252 1313 3301 erat
1348 3246 1566 3313 (aberat
1601 3245 1817 3310 Novak)
1858 3246 2068 3298 Harant
2097 3265 2155 3315 p.
2197 3244 2331 3311 262,
2382 3245 2571 3298 ΝουάΙε
2607 3246 2756 3314 Listy

350 3339 434 3405 fil.
472 3334 663 3389 1883*.
697 3333 705 3398 Ι
737 3339 785 3388 6.
812 3335 876 3388 Χ.
903 3334 1072 3388 milia.
1106 3332 1113 3401 Ι
1147 3340 1194 3388 7.
1225 3333 1457 3387 nuntiis
1489 3331 1498 3397 Ι
1532 3335 1580 3386 8.
1617 3333 1780 3386 foret.
1829 3331 1837 3398 Ι
1888 3336 1935 3386 9.
1963 3334 2256 3400 praetium.
2307 3330 2314 3399 Ι
2363 3338 2435 3386 116
2461 3334 2481 3395 ll
2508 3350 2583 3387 se.
2627 3330 2635 3399 Ι
2671 3337 2752 3389 10.

362 3423 640 3492 praedam.
673 3422 680 3487 Ι
715 3422 942 3489 specupi
968 3422 989 3484 ΙΙ
1016 3422 1223 3475 ditatis.
1256 3420 1263 3486 Ι
1302 3424 1379 3473 11.
1402 3420 1878 3474 occecauitanimfi
1903 3421 1924 3482 ΙΙ
1950 3420 2282 3487 necutisqui.
2307 3418 2314 3485 Ι
2338 3425 2632 3488 uenerunt,
2656 3440 2753 3475 ve-

363 3515 563 3563 nerant
600 3510 645 3562 I.
684 3510 746 3562 F.
787 3508 1078 3561 Gronovius
1114 3510 1190 3562 ed.
1245 3506 1414 3561 1665.
1465 3505 1474 3573 Ι
1529 3510 1607 3561 12.
1645 3507 1883 3575 opsides,
1916 3504 1924 3571 Ι
1958 3507 2425 3561 aforoetfraudem
2476 3506 2647 3572 (furto
2696 3515 2753 3564 et

362 3597 553 3650 fraude
603 3598 679 3648 ed.
728 3595 855 3648 Bas,
904 3591 1069 3660 1531,
1120 3594 1270 3647 afore
1316 3594 1529 3647 furtum
1578 3599 1634 3647 et
1682 3594 1933 3647 fraudem
1981 3596 2109 3648 coni.
2159 3593 2560 3660 Weissenborn),
2612 3613 2750 3651 corr.

361 3683 582 3748 Belcker,
621 3684 682 3734 de
718 3683 911 3733 erroris
947 3681 1145 3749 oriyine
1181 3682 1252 3751 cf.
1295 3682 1359 3733 G.
1393 3681 1629 3732 Heraeus
1666 3680 1871 3741 Quaest.
1909 3682 2020 3734 crit.
2059 3680 2170 3733 Liv.
2201 3699 2259 3750 p.
2286 3680 2373 3734 81.
2408 3677 2414 3748 Ι
2446 3681 2505 3732 in
2532 3682 2752 3747 agenda

360 3788 422 3823 re
460 3779 549 3821 aut
586 3771 655 3823 ab
681 3769 894 3836 agenda
918 3785 979 3821 re
1015 3785 1151 3837 susp.
1178 3767 1396 3836 Madviy
1430 3769 1485 3820 in
1523 3769 1643 3821 adn.
1681 3770 1756 3820 ed.
1790 3766 1798 3833 Ι
1834 3770 1913 3821 14.
1953 3768 2230 3834 alygdino.
2262 3764 2271 3833 Ι
2315 3770 2397 3821 17.
2449 3768 2750 3836 dissipare-

359 3862 469 3910 tur.
500 3855 510 3922 Ι
544 3858 625 3910 18.
662 3855 1031 3924 neclegentia,
1067 3856 1426 3923 neglegentia
1461 3857 1538 3908 ed.
1576 3856 1705 3909 Bas,
1743 3853 1891 3908 1531
1930 3853 2026 3922 (cf.
2058 3855 2285 3923 Georyes
2321 3855 2511 3922 Wortf.
2533 3872 2588 3923 p.
2614 3852 2745 3922 449,
