3005 4257
792 803 1068 904 L.s

373 1044 541 1108 Huic
572 1042 879 1109 fasciculo
912 1064 1120 1128 pauca
1143 1051 1388 1108 tantum
1418 1045 1617 1109 verba
1647 1044 1728 1109 de
1752 1045 2061 1125 asterisci,
2092 1065 2279 1127 quem
2312 1044 2558 1132 dicunt,

154 1150 219 1213 in
252 1148 673 1213 adnotatione
699 1148 917 1213 critica
946 1168 1065 1213 usu
1088 1149 1554 1232 praemittenda
1583 1148 1899 1213 videntur.
1973 1147 2095 1224 Qui
2129 1149 2285 1231 ipsis
2318 1148 2558 1213 codicis

154 1252 456 1336 apicibus
530 1251 791 1316 additus
850 1252 1052 1332 docet,
1124 1272 1236 1317 eos
1294 1274 1420 1318 non
1482 1254 1687 1318 solum
1758 1254 1964 1318 denuo
2025 1254 2369 1336 inspectos,
2441 1253 2558 1317 sed

156 1356 447 1440 Iosephi,
494 1354 605 1420 filii
643 1357 783 1435 mei,
832 1377 1024 1439 opera
1056 1357 1283 1421 litteris
1314 1357 1674 1422 uncialibus
1713 1366 2007 1422 accurate
2055 1376 2200 1422 esse
2232 1357 2558 1441 depictos;

160 1461 249 1523 H.
303 1462 353 1523 I.
409 1460 680 1524 Miclleri
725 1460 1158 1525 Berolinensis
1217 1462 1458 1526 nomini
1505 1462 1844 1527 adiunctus
1905 1461 2144 1526 indicat
2190 1482 2301 1526 eas
2349 1482 2556 1526 emen-

160 1565 459 1629 dationes
520 1571 583 1629 et
643 1565 1143 1643 observationeS‚
1215 1585 1373 1647 quas
1434 1566 1535 1630 vir
1592 1566 1699 1631 ille
1762 1565 2192 1646 doctissimUS‚
2263 1586 2391 1648 qua
2461 1574 2554 1631 est

160 1669 619 1750 benivolentia,
669 1690 782 1753 per
827 1669 1069 1734 litteras
1116 1690 1365 1734 mecum
1412 1671 1930 1754 communicavit3
1993 1670 2055 1734 in
2105 1670 2229 1734 fine
2277 1670 2551 1752 denique

160 1792 469 1837 versuum
515 1774 760 1857 positus
791 1794 869 1838 ea
915 1773 1253 1856 significat,
1301 1795 1465 1858 quae
1509 1775 1749 1860 ipsein
1780 1774 2230 1839 dissertatione
2265 1774 2553 1858 exposui,

162 1896 360 1957 quam
404 1877 777 1961 inscriptam
827 1878 1025 1961 „Zum
1070 1879 1174 1942 42.
1211 1879 1430 1943 Buche
1476 1879 1590 1944 des
1637 1879 1894 1943 Livius“
1946 1878 2013 1942 O.
2055 1879 2128 1944 R.
2165 1877 2557 1943 Academiae

162 1980 651 2047 Vindobonensi
735 2002 938 2066 nuper
1004 1982 1319 2047 edendam
1387 1982 1643 2047 tradidi.
1763 1982 2279 2065 Descriptionem
2364 1982 2557 2065 paulo

166 2083 540 2166 uberiorem,
591 2105 782 2169 quam
830 2086 910 2151 de
939 2086 1230 2171 apicibus
1263 2086 1647 2170 quibusdam
1678 2086 1887 2152 adhuc
1933 2085 2121 2151 valde
2154 2084 2365 2151 dubiis
2410 2085 2559 2152 huic

169 2206 422 2270 quoque
468 2190 637 2275 parti
696 2189 935 2269 addidi,
984 2191 1160 2255 haud
1219 2192 1541 2276 ingratam
1573 2191 1712 2255 fore
1773 2211 1977 2276 spero,
2029 2211 2170 2255 cum
2233 2190 2423 2254 ctiam
2477 2191 2560 2254 ad

164 2292 406 2357 codicis
512 2294 932 2377 proprietates
1030 2315 1436 2378 errorumque
1543 2296 1822 2378 origines
1927 2295 2134 2377 magis
2225 2294 2560 2376 magisque

160 2396 578 2461 illustrandas
641 2398 1042 2464 contribuere
1087 2401 1309 2483 possit.

373 2606 629 2669 Dabam
677 2605 1030 2691 Oeniponte
1077 2628 1294 2673 mense
1341 2606 1701 2690 Septembri
1747 2606 2119 2671 MDGCOO.

1168 3808 1710 3925 164055
