<?xml version="1.0" encoding="UTF-8"?>
<!DOCTYPE html PUBLIC "-//W3C//DTD XHTML 1.0 Transitional//EN"
    "http://www.w3.org/TR/xhtml1/DTD/xhtml1-transitional.dtd">
<html xmlns="http://www.w3.org/1999/xhtml" xml:lang="en" lang="en">
 <head>
  <title>
</title>
<meta http-equiv="Content-Type" content="text/html;charset=utf-8" />
  <meta name='ocr-system' content='tesseract 3.04.00' />
  <meta name='ocr-capabilities' content='ocr_page ocr_carea ocr_par ocr_line ocrx_word'/>
</head>
<body>
  <div class='ocr_page' id='page_1' title='image "./tliviaburbecond01zinggoog_0113.png"; bbox 0 0 3005 4257; ppageno 0'>
   <div class='ocr_carea' id='block_1_1' title="bbox 106 1229 160 1264">
    <p class='ocr_par' dir='ltr' id='par_1_1' title="bbox 106 1229 160 1264">
     <span class='ocr_line' id='line_1_1' title="bbox 106 1229 160 1264; baseline 0 0"><span class='ocrx_word' id='word_1_1' title='bbox 106 1229 160 1264; x_wconf 86' lang='lat'>10</span> 
     </span>
    </p>
   </div>
   <div class='ocr_carea' id='block_1_2' title="bbox 107 1664 160 1704">
    <p class='ocr_par' dir='ltr' id='par_1_2' title="bbox 107 1664 160 1704">
     <span class='ocr_line' id='line_1_2' title="bbox 107 1664 160 1704; baseline 0.075 -4"><span class='ocrx_word' id='word_1_2' title='bbox 107 1664 160 1704; x_wconf 84' lang='lat'>15</span> 
     </span>
    </p>
   </div>
   <div class='ocr_carea' id='block_1_3' title="bbox 102 2102 158 2138">
    <p class='ocr_par' dir='ltr' id='par_1_3' title="bbox 102 2102 158 2138">
     <span class='ocr_line' id='line_1_3' title="bbox 102 2102 158 2138; baseline 0 0"><span class='ocrx_word' id='word_1_3' title='bbox 102 2102 158 2138; x_wconf 88' lang='grc'>20</span> 
     </span>
    </p>
   </div>
   <div class='ocr_carea' id='block_1_4' title="bbox 788 208 2589 278">
    <p class='ocr_par' dir='ltr' id='par_1_4' title="bbox 788 208 2589 278">
     <span class='ocr_line' id='line_1_4' title="bbox 788 208 2589 278; baseline 0.001 -10"><span class='ocrx_word' id='word_1_4' title='bbox 788 216 1009 268; x_wconf 81' lang='lat' dir='ltr'><strong>LIBER</strong></span> <span class='ocrx_word' id='word_1_5' title='bbox 1044 214 1240 267; x_wconf 86' lang='lat' dir='ltr'>XLIII.</span> <span class='ocrx_word' id='word_1_6' title='bbox 1281 213 1432 267; x_wconf 85' lang='lat' dir='ltr'>GAP.</span> <span class='ocrx_word' id='word_1_7' title='bbox 1471 216 1521 264; x_wconf 88' lang='grc'>4.</span> <span class='ocrx_word' id='word_1_8' title='bbox 1561 210 1631 278; x_wconf 84' lang='lat' dir='ltr'>[a.</span> <span class='ocrx_word' id='word_1_9' title='bbox 1670 213 1733 265; x_wconf 93' lang='lat' dir='ltr'>U.</span> <span class='ocrx_word' id='word_1_10' title='bbox 1776 230 1821 264; x_wconf 93' lang='lat' dir='ltr'>c.</span> <span class='ocrx_word' id='word_1_11' title='bbox 1861 208 1986 276; x_wconf 84' lang='lat'>584]</span> <span class='ocrx_word' id='word_1_12' title='bbox 2548 209 2589 269; x_wconf 72' lang='grc' dir='ltr'>ἶ)</span> 
     </span>
    </p>
   </div>
   <div class='ocr_carea' id='block_1_5' title="bbox 184 416 2655 2508">
    <p class='ocr_par' dir='ltr' id='par_1_5' title="bbox 184 416 2655 2508">
     <span class='ocr_line' id='line_1_5' title="bbox 192 416 2633 506; baseline -0.005 -17"><span class='ocrx_word' id='word_1_13' title='bbox 192 432 343 489; x_wconf 90' lang='lat' dir='ltr'>ante</span> <span class='ocrx_word' id='word_1_14' title='bbox 390 423 635 506; x_wconf 81' lang='lat' dir='ltr'>ingenti</span> <span class='ocrx_word' id='word_1_15' title='bbox 682 421 953 486; x_wconf 85' lang='lat' dir='ltr'><strong>tumultu</strong></span> <span class='ocrx_word' id='word_1_16' title='bbox 997 426 1261 501; x_wconf 80' lang='lat' dir='ltr'>arserat,</span> <span class='ocrx_word' id='word_1_17' title='bbox 1311 420 1701 504; x_wconf 82' lang='lat' dir='ltr'>peragravit.</span> <span class='ocrx_word' id='word_1_18' title='bbox 1769 419 1931 482; x_wconf 90' lang='lat' dir='ltr'>haec</span> <span class='ocrx_word' id='word_1_19' title='bbox 1978 417 2208 483; x_wconf 83' lang='lat' dir='ltr'>lenitas</span> <span class='ocrx_word' id='word_1_20' title='bbox 2245 416 2575 502; x_wconf 75' lang='lat' dir='ltr'>praetoris,</span> <span class='ocrx_word' id='word_1_21' title='bbox 2610 438 2633 472; x_wconf 81' lang='lat'><strong>5</strong></span> 
     </span>
     <span class='ocr_line' id='line_1_6' title="bbox 192 504 2582 592; baseline -0.003 -18"><span class='ocrx_word' id='word_1_22' title='bbox 192 531 321 592; x_wconf 91' lang='lat' dir='ltr'>qua</span> <span class='ocrx_word' id='word_1_23' title='bbox 366 510 503 575; x_wconf 90' lang='lat' dir='ltr'>sine</span> <span class='ocrx_word' id='word_1_24' title='bbox 548 510 861 591; x_wconf 87' lang='lat' dir='ltr'>sanguine</span> <span class='ocrx_word' id='word_1_25' title='bbox 921 508 1381 572; x_wconf 88' lang='lat' dir='ltr'>ferocissimam</span> <span class='ocrx_word' id='word_1_26' title='bbox 1449 514 1707 589; x_wconf 81' lang='lat' dir='ltr'>gentem</span> <span class='ocrx_word' id='word_1_27' title='bbox 1776 507 2125 588; x_wconf 83' lang='lat' dir='ltr'>domuerat,</span> <span class='ocrx_word' id='word_1_28' title='bbox 2200 525 2276 569; x_wconf 92' lang='lat' dir='ltr'>eo</span> <span class='ocrx_word' id='word_1_29' title='bbox 2342 504 2582 587; x_wconf 88' lang='lat' dir='ltr'>gratior</span> 
     </span>
     <span class='ocr_line' id='line_1_7' title="bbox 192 591 2580 682; baseline -0.003 -22"><span class='ocrx_word' id='word_1_30' title='bbox 192 598 367 681; x_wconf 92' lang='lat' dir='ltr'>plebi</span> <span class='ocrx_word' id='word_1_31' title='bbox 412 597 826 682; x_wconf 88' lang='lat' dir='ltr'>patribusque</span> <span class='ocrx_word' id='word_1_32' title='bbox 872 595 1008 675; x_wconf 90' lang='lat' dir='ltr'>fuit,</span> <span class='ocrx_word' id='word_1_33' title='bbox 1059 615 1183 676; x_wconf 90' lang='lat' dir='ltr'>quo</span> <span class='ocrx_word' id='word_1_34' title='bbox 1217 594 1531 659; x_wconf 80' lang='lat' dir='ltr'>crudelius</span> <span class='ocrx_word' id='word_1_35' title='bbox 1563 591 1943 675; x_wconf 92' lang='lat' dir='ltr'>avariusque</span> <span class='ocrx_word' id='word_1_36' title='bbox 1975 593 2038 658; x_wconf 91' lang='lat' dir='ltr'>in</span> <span class='ocrx_word' id='word_1_37' title='bbox 2073 591 2344 656; x_wconf 74' lang='lat' dir='ltr'>Graecia</span> <span class='ocrx_word' id='word_1_38' title='bbox 2388 591 2580 654; x_wconf 88' lang='lat' dir='ltr'>bella-</span> 
     </span>
     <span class='ocr_line' id='line_1_8' title="bbox 194 680 2631 764; baseline -0.003 -16"><span class='ocrx_word' id='word_1_39' title='bbox 194 693 327 748; x_wconf 89' lang='lat' dir='ltr'>tum</span> <span class='ocrx_word' id='word_1_40' title='bbox 374 691 437 748; x_wconf 90' lang='lat' dir='ltr'>ct</span> <span class='ocrx_word' id='word_1_41' title='bbox 483 686 563 749; x_wconf 92' lang='lat' dir='ltr'>ab</span> <span class='ocrx_word' id='word_1_42' title='bbox 611 682 873 747; x_wconf 91' lang='lat' dir='ltr'>consule</span> <span class='ocrx_word' id='word_1_43' title='bbox 918 682 1165 746; x_wconf 90' lang='lat' dir='ltr'>Licinio</span> <span class='ocrx_word' id='word_1_44' title='bbox 1213 689 1274 745; x_wconf 92' lang='lat' dir='ltr'>et</span> <span class='ocrx_word' id='word_1_45' title='bbox 1321 682 1401 745; x_wconf 88' lang='lat' dir='ltr'>ab</span> <span class='ocrx_word' id='word_1_46' title='bbox 1447 681 1742 745; x_wconf 91' lang='lat' dir='ltr'>Lucretio</span> <span class='ocrx_word' id='word_1_47' title='bbox 1790 687 2082 764; x_wconf 86' lang='lat' dir='ltr'>praetore</span> <span class='ocrx_word' id='word_1_48' title='bbox 2128 687 2284 744; x_wconf 85' lang='lat' dir='ltr'>erat.</span> <span class='ocrx_word' id='word_1_49' title='bbox 2355 680 2580 742; x_wconf 89' lang='lat' dir='ltr'>Lucre·</span> <span class='ocrx_word' id='word_1_50' title='bbox 2608 697 2631 732; x_wconf 80' lang='lat'>⁶</span> 
     </span>
     <span class='ocr_line' id='line_1_9' title="bbox 193 765 2578 854; baseline -0.004 -18"><span class='ocrx_word' id='word_1_51' title='bbox 193 771 351 836; x_wconf 92' lang='lat' dir='ltr'>tium</span> <span class='ocrx_word' id='word_1_52' title='bbox 397 770 632 835; x_wconf 89' lang='lat' dir='ltr'>tribuni</span> <span class='ocrx_word' id='word_1_53' title='bbox 685 770 893 854; x_wconf 92' lang='lat' dir='ltr'>plebis</span> <span class='ocrx_word' id='word_1_54' title='bbox 961 770 1293 833; x_wconf 83' lang='lat' dir='ltr'>absentem</span> <span class='ocrx_word' id='word_1_55' title='bbox 1363 765 1764 832; x_wconf 90' lang='lat' dir='ltr'>contionibus</span> <span class='ocrx_word' id='word_1_56' title='bbox 1832 766 2120 832; x_wconf 85' lang='lat' dir='ltr'>adsiduis</span> <span class='ocrx_word' id='word_1_57' title='bbox 2187 766 2578 844; x_wconf 80' lang='lat' dir='ltr'>lacerabant,</span> 
     </span>
     <span class='ocr_line' id='line_1_10' title="bbox 193 851 2580 941; baseline -0.003 -19"><span class='ocrx_word' id='word_1_58' title='bbox 193 879 338 922; x_wconf 92' lang='lat' dir='ltr'>cum</span> <span class='ocrx_word' id='word_1_59' title='bbox 382 858 474 922; x_wconf 93' lang='lat' dir='ltr'>rei</span> <span class='ocrx_word' id='word_1_60' title='bbox 521 858 820 941; x_wconf 89' lang='lat' dir='ltr'>publicae</span> <span class='ocrx_word' id='word_1_61' title='bbox 868 876 1065 921; x_wconf 89' lang='lat' dir='ltr'>causa</span> <span class='ocrx_word' id='word_1_62' title='bbox 1094 857 1324 921; x_wconf 89' lang='lat' dir='ltr'>abesse</span> <span class='ocrx_word' id='word_1_63' title='bbox 1371 862 1815 938; x_wconf 81' lang='lat' dir='ltr'>excusaretur3</span> <span class='ocrx_word' id='word_1_64' title='bbox 1866 855 2144 919; x_wconf 93' lang='lat' dir='ltr'>sedtum</span> <span class='ocrx_word' id='word_1_65' title='bbox 2175 853 2335 917; x_wconf 90' lang='lat' dir='ltr'>adeo</span> <span class='ocrx_word' id='word_1_66' title='bbox 2369 851 2580 915; x_wconf 92' lang='lat' dir='ltr'>vicina</span> 
     </span>
     <span class='ocr_line' id='line_1_11' title="bbox 193 938 2581 1028; baseline -0.004 -18"><span class='ocrx_word' id='word_1_67' title='bbox 193 945 385 1010; x_wconf 88' lang='lat' dir='ltr'>etiam</span> <span class='ocrx_word' id='word_1_68' title='bbox 432 946 834 1028; x_wconf 84' lang='lat' dir='ltr'>inexplorata</span> <span class='ocrx_word' id='word_1_69' title='bbox 880 951 1079 1023; x_wconf 90' lang='lat' dir='ltr'>erant,</span> <span class='ocrx_word' id='word_1_70' title='bbox 1150 950 1219 1006; x_wconf 94' lang='lat' dir='ltr'>ut</span> <span class='ocrx_word' id='word_1_71' title='bbox 1266 944 1319 1007; x_wconf 91' lang='lat' dir='ltr'>is</span> <span class='ocrx_word' id='word_1_72' title='bbox 1366 963 1441 1006; x_wconf 89' lang='lat' dir='ltr'>eo</span> <span class='ocrx_word' id='word_1_73' title='bbox 1487 949 1774 1026; x_wconf 89' lang='lat' dir='ltr'>tempore</span> <span class='ocrx_word' id='word_1_74' title='bbox 1833 941 1898 1004; x_wconf 91' lang='lat' dir='ltr'>in</span> <span class='ocrx_word' id='word_1_75' title='bbox 1958 961 2115 1023; x_wconf 91' lang='lat' dir='ltr'>agro</span> <span class='ocrx_word' id='word_1_76' title='bbox 2178 960 2289 1004; x_wconf 90' lang='lat' dir='ltr'>suo</span> <span class='ocrx_word' id='word_1_77' title='bbox 2336 938 2581 1002; x_wconf 85' lang='lat' dir='ltr'>Antiati</span> 
     </span>
     <span class='ocr_line' id='line_1_12' title="bbox 192 1025 2575 1115; baseline -0.003 -19"><span class='ocrx_word' id='word_1_78' title='bbox 192 1040 366 1097; x_wconf 90' lang='lat' dir='ltr'>esset</span> <span class='ocrx_word' id='word_1_79' title='bbox 397 1053 754 1115; x_wconf 89' lang='lat' dir='ltr'>aquamque</span> <span class='ocrx_word' id='word_1_80' title='bbox 786 1052 867 1095; x_wconf 87' lang='lat' dir='ltr'>ex</span> <span class='ocrx_word' id='word_1_81' title='bbox 898 1030 1214 1095; x_wconf 89' lang='lat' dir='ltr'>manubiis</span> <span class='ocrx_word' id='word_1_82' title='bbox 1245 1029 1507 1093; x_wconf 88' lang='lat' dir='ltr'>Antium</span> <span class='ocrx_word' id='word_1_83' title='bbox 1532 1051 1613 1094; x_wconf 87' lang='lat' dir='ltr'>ex</span> <span class='ocrx_word' id='word_1_84' title='bbox 1643 1028 1899 1092; x_wconf 92' lang='lat' dir='ltr'>flumine</span> <span class='ocrx_word' id='word_1_85' title='bbox 1922 1028 2273 1094; x_wconf 83' lang='lat' dir='ltr'>Loracinae</span> <span class='ocrx_word' id='word_1_86' title='bbox 2298 1025 2575 1090; x_wconf 90' lang='lat' dir='ltr'>duceret.</span> 
     </span>
     <span class='ocr_line' id='line_1_13' title="bbox 189 1110 2630 1203; baseline -0.002 -21"><span class='ocrx_word' id='word_1_87' title='bbox 189 1119 259 1182; x_wconf 88' lang='lat' dir='ltr'>id</span> <span class='ocrx_word' id='word_1_88' title='bbox 305 1138 467 1203; x_wconf 87' lang='lat' dir='ltr'>opus</span> <span class='ocrx_word' id='word_1_89' title='bbox 514 1126 768 1183; x_wconf 88' lang='lat' dir='ltr'>centum</span> <span class='ocrx_word' id='word_1_90' title='bbox 812 1119 1076 1200; x_wconf 91' lang='lat' dir='ltr'>triginta</span> <span class='ocrx_word' id='word_1_91' title='bbox 1144 1117 1402 1181; x_wconf 88' lang='lat' dir='ltr'>milibus</span> <span class='ocrx_word' id='word_1_92' title='bbox 1456 1116 1624 1181; x_wconf 90' lang='lat' dir='ltr'>aeris</span> <span class='ocrx_word' id='word_1_93' title='bbox 1689 1116 1941 1180; x_wconf 90' lang='lat' dir='ltr'>locasse</span> <span class='ocrx_word' id='word_1_94' title='bbox 2010 1115 2272 1199; x_wconf 70' lang='lat' dir='ltr'>dicitur,</span> <span class='ocrx_word' id='word_1_95' title='bbox 2344 1110 2578 1177; x_wconf 89' lang='lat' dir='ltr'>tabulis</span> <span class='ocrx_word' id='word_1_96' title='bbox 2608 1130 2630 1166; x_wconf 85' lang='lat'>⁷</span> 
     </span>
     <span class='ocr_line' id='line_1_14' title="bbox 190 1200 2630 1290; baseline -0.002 -21"><span class='ocrx_word' id='word_1_97' title='bbox 190 1226 441 1288; x_wconf 91' lang='lat' dir='ltr'>quoque</span> <span class='ocrx_word' id='word_1_98' title='bbox 507 1206 696 1290; x_wconf 89' lang='lat' dir='ltr'>pictis</span> <span class='ocrx_word' id='word_1_99' title='bbox 744 1228 824 1271; x_wconf 84' lang='lat' dir='ltr'>ex</span> <span class='ocrx_word' id='word_1_100' title='bbox 868 1205 1107 1289; x_wconf 82' lang='lat' dir='ltr'>praeda</span> <span class='ocrx_word' id='word_1_101' title='bbox 1174 1205 1396 1269; x_wconf 87' lang='lat' dir='ltr'>fanum</span> <span class='ocrx_word' id='word_1_102' title='bbox 1442 1203 1789 1287; x_wconf 88' lang='lat' dir='ltr'>Aesculapi</span> <span class='ocrx_word' id='word_1_103' title='bbox 1851 1201 2200 1266; x_wconf 86' lang='lat' dir='ltr'>exornavit.</span> <span class='ocrx_word' id='word_1_104' title='bbox 2268 1200 2577 1265; x_wconf 90' lang='lat' dir='ltr'>invidiam</span> <span class='ocrx_word' id='word_1_105' title='bbox 2604 1213 2630 1251; x_wconf 84' lang='lat'>8</span> 
     </span>
     <span class='ocr_line' id='line_1_15' title="bbox 189 1288 2626 1376; baseline -0.002 -20"><span class='ocrx_word' id='word_1_106' title='bbox 189 1293 643 1376; x_wconf 86' lang='lat' dir='ltr'>infamiamque</span> <span class='ocrx_word' id='word_1_107' title='bbox 689 1293 770 1356; x_wconf 91' lang='lat' dir='ltr'>ab</span> <span class='ocrx_word' id='word_1_108' title='bbox 817 1293 1114 1356; x_wconf 87' lang='lat' dir='ltr'>Lucretio</span> <span class='ocrx_word' id='word_1_109' title='bbox 1161 1296 1525 1356; x_wconf 89' lang='lat' dir='ltr'>averterunt</span> <span class='ocrx_word' id='word_1_110' title='bbox 1571 1290 1632 1354; x_wconf 92' lang='lat' dir='ltr'>in</span> <span class='ocrx_word' id='word_1_111' title='bbox 1679 1288 2108 1368; x_wconf 82' lang='lat' dir='ltr'>Hortensium,</span> <span class='ocrx_word' id='word_1_112' title='bbox 2142 1306 2577 1353; x_wconf 86' lang='lat' dir='ltr'>successorem</span> <span class='ocrx_word' id='word_1_113' title='bbox 2625 1320 2626 1323; x_wconf 34' lang='lat'>¹</span> 
     </span>
     <span class='ocr_line' id='line_1_16' title="bbox 190 1373 2574 1461; baseline -0.003 -17"><span class='ocrx_word' id='word_1_114' title='bbox 190 1379 348 1460; x_wconf 76' lang='lat' dir='ltr'>eiuS,</span> <span class='ocrx_word' id='word_1_115' title='bbox 383 1380 732 1444; x_wconf 86' lang='lat' dir='ltr'>Abderitae</span> <span class='ocrx_word' id='word_1_116' title='bbox 777 1380 994 1461; x_wconf 85' lang='lat' dir='ltr'>legati,</span> <span class='ocrx_word' id='word_1_117' title='bbox 1043 1378 1270 1443; x_wconf 89' lang='lat' dir='ltr'>flentes</span> <span class='ocrx_word' id='word_1_118' title='bbox 1319 1385 1469 1442; x_wconf 88' lang='lat' dir='ltr'>ante</span> <span class='ocrx_word' id='word_1_119' title='bbox 1501 1378 1741 1441; x_wconf 88' lang='lat' dir='ltr'>curiam</span> <span class='ocrx_word' id='word_1_120' title='bbox 1773 1384 2236 1458; x_wconf 91' lang='lat' dir='ltr'>querentesque</span> <span class='ocrx_word' id='word_1_121' title='bbox 2271 1373 2574 1458; x_wconf 89' lang='lat' dir='ltr'>oppidum</span> 
     </span>
     <span class='ocr_line' id='line_1_17' title="bbox 189 1464 2631 1549; baseline -0.003 -18"><span class='ocrx_word' id='word_1_122' title='bbox 189 1486 374 1531; x_wconf 90' lang='lat' dir='ltr'>suum</span> <span class='ocrx_word' id='word_1_123' title='bbox 420 1468 500 1531; x_wconf 91' lang='lat' dir='ltr'>ab</span> <span class='ocrx_word' id='word_1_124' title='bbox 549 1466 892 1531; x_wconf 87' lang='lat' dir='ltr'>Hortensio</span> <span class='ocrx_word' id='word_1_125' title='bbox 940 1473 1375 1549; x_wconf 86' lang='lat' dir='ltr'>expugnatum</span> <span class='ocrx_word' id='word_1_126' title='bbox 1419 1484 1494 1528; x_wconf 86' lang='lat' dir='ltr'>ac</span> <span class='ocrx_word' id='word_1_127' title='bbox 1549 1464 1869 1548; x_wconf 87' lang='lat' dir='ltr'>direptum</span> <span class='ocrx_word' id='word_1_128' title='bbox 1929 1482 2101 1528; x_wconf 85' lang='lat' dir='ltr'>esse:</span> <span class='ocrx_word' id='word_1_129' title='bbox 2168 1481 2428 1526; x_wconf 90' lang='lat' dir='ltr'>causam</span> <span class='ocrx_word' id='word_1_130' title='bbox 2475 1481 2577 1525; x_wconf 87' lang='lat' dir='ltr'>ex·</span> <span class='ocrx_word' id='word_1_131' title='bbox 2607 1477 2631 1512; x_wconf 82' lang='lat'>⁹</span> 
     </span>
     <span class='ocr_line' id='line_1_18' title="bbox 189 1547 2577 1635; baseline -0.003 -17"><span class='ocrx_word' id='word_1_132' title='bbox 189 1553 341 1618; x_wconf 91' lang='lat' dir='ltr'>cidii</span> <span class='ocrx_word' id='word_1_133' title='bbox 388 1553 586 1619; x_wconf 84' lang='lat' dir='ltr'>fuisse</span> <span class='ocrx_word' id='word_1_134' title='bbox 652 1554 811 1634; x_wconf 91' lang='lat' dir='ltr'>urbi,</span> <span class='ocrx_word' id='word_1_135' title='bbox 881 1553 1069 1635; x_wconf 90' lang='lat' dir='ltr'>quod,</span> <span class='ocrx_word' id='word_1_136' title='bbox 1144 1573 1284 1616; x_wconf 88' lang='lat' dir='ltr'>cum</span> <span class='ocrx_word' id='word_1_137' title='bbox 1333 1559 1585 1616; x_wconf 91' lang='lat' dir='ltr'>centum</span> <span class='ocrx_word' id='word_1_138' title='bbox 1630 1550 1807 1614; x_wconf 86' lang='lat' dir='ltr'>milia</span> <span class='ocrx_word' id='word_1_139' title='bbox 1873 1549 2206 1614; x_wconf 86' lang='lat' dir='ltr'>denarium</span> <span class='ocrx_word' id='word_1_140' title='bbox 2254 1555 2316 1613; x_wconf 92' lang='lat' dir='ltr'>et</span> <span class='ocrx_word' id='word_1_141' title='bbox 2376 1547 2577 1613; x_wconf 91' lang='lat' dir='ltr'>tritici</span> 
     </span>
     <span class='ocr_line' id='line_1_19' title="bbox 188 1636 2577 1723; baseline -0.003 -18"><span class='ocrx_word' id='word_1_142' title='bbox 188 1640 654 1723; x_wconf 88' lang='lat' dir='ltr'>quinquaginta</span> <span class='ocrx_word' id='word_1_143' title='bbox 720 1640 897 1704; x_wconf 90' lang='lat' dir='ltr'>milia</span> <span class='ocrx_word' id='word_1_144' title='bbox 964 1639 1244 1703; x_wconf 90' lang='lat' dir='ltr'>modium</span> <span class='ocrx_word' id='word_1_145' title='bbox 1298 1639 1655 1722; x_wconf 87' lang='lat' dir='ltr'>imperaret,</span> <span class='ocrx_word' id='word_1_146' title='bbox 1728 1637 2002 1720; x_wconf 87' lang='lat' dir='ltr'>spatium</span> <span class='ocrx_word' id='word_1_147' title='bbox 2069 1636 2382 1720; x_wconf 89' lang='lat' dir='ltr'>petierint,</span> <span class='ocrx_word' id='word_1_148' title='bbox 2454 1655 2577 1717; x_wconf 90' lang='lat' dir='ltr'>quo</span> 
     </span>
     <span class='ocr_line' id='line_1_20' title="bbox 190 1723 2575 1805; baseline -0.003 -13"><span class='ocrx_word' id='word_1_149' title='bbox 190 1727 272 1792; x_wconf 92' lang='lat' dir='ltr'>de</span> <span class='ocrx_word' id='word_1_150' title='bbox 318 1748 395 1792; x_wconf 89' lang='lat' dir='ltr'>ea</span> <span class='ocrx_word' id='word_1_151' title='bbox 439 1749 506 1793; x_wconf 92' lang='lat' dir='ltr'>re</span> <span class='ocrx_word' id='word_1_152' title='bbox 553 1734 616 1792; x_wconf 93' lang='lat' dir='ltr'>et</span> <span class='ocrx_word' id='word_1_153' title='bbox 661 1727 746 1791; x_wconf 93' lang='lat' dir='ltr'>ad</span> <span class='ocrx_word' id='word_1_154' title='bbox 776 1726 1122 1791; x_wconf 87' lang='lat' dir='ltr'>Hostilium</span> <span class='ocrx_word' id='word_1_155' title='bbox 1169 1727 1493 1790; x_wconf 87' lang='lat' dir='ltr'>consulem</span> <span class='ocrx_word' id='word_1_156' title='bbox 1541 1733 1603 1789; x_wconf 90' lang='lat' dir='ltr'>et</span> <span class='ocrx_word' id='word_1_157' title='bbox 1633 1725 1896 1788; x_wconf 88' lang='lat' dir='ltr'>Romam</span> <span class='ocrx_word' id='word_1_158' title='bbox 1940 1723 2262 1787; x_wconf 87' lang='lat' dir='ltr'>mitterent</span> <span class='ocrx_word' id='word_1_159' title='bbox 2308 1724 2575 1805; x_wconf 90' lang='lat' dir='ltr'>legatos.</span> 
     </span>
     <span class='ocr_line' id='line_1_21' title="bbox 188 1810 2655 1897; baseline -0.003 -18"><span class='ocrx_word' id='word_1_160' title='bbox 188 1813 454 1879; x_wconf 87' lang='lat' dir='ltr'>vixdum</span> <span class='ocrx_word' id='word_1_161' title='bbox 499 1815 583 1879; x_wconf 88' lang='lat' dir='ltr'>ad</span> <span class='ocrx_word' id='word_1_162' title='bbox 628 1814 950 1878; x_wconf 89' lang='lat' dir='ltr'>consulem</span> <span class='ocrx_word' id='word_1_163' title='bbox 998 1832 1066 1877; x_wconf 92' lang='lat' dir='ltr'>se</span> <span class='ocrx_word' id='word_1_164' title='bbox 1110 1813 1500 1897; x_wconf 89' lang='lat' dir='ltr'>pervenisse,</span> <span class='ocrx_word' id='word_1_165' title='bbox 1575 1819 1638 1876; x_wconf 91' lang='lat' dir='ltr'>et</span> <span class='ocrx_word' id='word_1_166' title='bbox 1683 1811 1942 1875; x_wconf 89' lang='lat' dir='ltr'>audisse</span> <span class='ocrx_word' id='word_1_167' title='bbox 2009 1810 2315 1894; x_wconf 90' lang='lat' dir='ltr'>oppidum</span> <span class='ocrx_word' id='word_1_168' title='bbox 2382 1829 2576 1893; x_wconf 86' lang='lat' dir='ltr'>expu-</span> <span class='ocrx_word' id='word_1_169' title='bbox 2607 1825 2655 1860; x_wconf 89' lang='lat'>10</span> 
     </span>
     <span class='ocr_line' id='line_1_22' title="bbox 189 1896 2573 1986; baseline -0.002 -21"><span class='ocrx_word' id='word_1_170' title='bbox 189 1909 472 1983; x_wconf 88' lang='lat' dir='ltr'>gnatum,</span> <span class='ocrx_word' id='word_1_171' title='bbox 523 1901 849 1986; x_wconf 89' lang='lat' dir='ltr'>principes</span> <span class='ocrx_word' id='word_1_172' title='bbox 896 1899 1101 1965; x_wconf 90' lang='lat' dir='ltr'>securi</span> <span class='ocrx_word' id='word_1_173' title='bbox 1148 1918 1505 1983; x_wconf 87' lang='lat' dir='ltr'>percussos,</span> <span class='ocrx_word' id='word_1_174' title='bbox 1563 1898 1680 1963; x_wconf 90' lang='lat' dir='ltr'>sub</span> <span class='ocrx_word' id='word_1_175' title='bbox 1729 1917 1961 1962; x_wconf 90' lang='lat' dir='ltr'>corona</span> <span class='ocrx_word' id='word_1_176' title='bbox 2007 1904 2251 1961; x_wconf 88' lang='lat' dir='ltr'>ceteros</span> <span class='ocrx_word' id='word_1_177' title='bbox 2297 1896 2573 1960; x_wconf 89' lang='lat' dir='ltr'>venisse.</span> 
     </span>
     <span class='ocr_line' id='line_1_23' title="bbox 188 1983 2653 2070; baseline -0.002 -18"><span class='ocrx_word' id='word_1_178' title='bbox 188 1988 464 2070; x_wconf 86' lang='lat' dir='ltr'>indigna</span> <span class='ocrx_word' id='word_1_179' title='bbox 497 2009 579 2052; x_wconf 85' lang='lat' dir='ltr'>ea</span> <span class='ocrx_word' id='word_1_180' title='bbox 607 1988 857 2053; x_wconf 90' lang='lat' dir='ltr'>senatui</span> <span class='ocrx_word' id='word_1_181' title='bbox 881 1988 1040 2067; x_wconf 89' lang='lat' dir='ltr'>visa,</span> <span class='ocrx_word' id='word_1_182' title='bbox 1091 1985 1637 2067; x_wconf 87' lang='lat' dir='ltr'>decreveruntque</span> <span class='ocrx_word' id='word_1_183' title='bbox 1673 1983 1897 2050; x_wconf 89' lang='lat' dir='ltr'>eadem</span> <span class='ocrx_word' id='word_1_184' title='bbox 1930 1985 2010 2048; x_wconf 90' lang='lat' dir='ltr'>de</span> <span class='ocrx_word' id='word_1_185' title='bbox 2035 1983 2380 2063; x_wconf 89' lang='lat' dir='ltr'>Abderitis,</span> <span class='ocrx_word' id='word_1_186' title='bbox 2416 2004 2578 2064; x_wconf 89' lang='lat' dir='ltr'>quae</span> <span class='ocrx_word' id='word_1_187' title='bbox 2609 1997 2653 2033; x_wconf 89' lang='lat'>¹1</span> 
     </span>
     <span class='ocr_line' id='line_1_24' title="bbox 189 2070 2575 2158; baseline -0.002 -20"><span class='ocrx_word' id='word_1_188' title='bbox 189 2075 269 2139; x_wconf 79' lang='lat' dir='ltr'>de</span> <span class='ocrx_word' id='word_1_189' title='bbox 315 2074 657 2141; x_wconf 85' lang='lat' dir='ltr'>Coronaeis</span> <span class='ocrx_word' id='word_1_190' title='bbox 705 2076 1125 2141; x_wconf 90' lang='lat' dir='ltr'>decreverant</span> <span class='ocrx_word' id='word_1_191' title='bbox 1170 2074 1382 2158; x_wconf 90' lang='lat' dir='ltr'>priore</span> <span class='ocrx_word' id='word_1_192' title='bbox 1427 2094 1611 2155; x_wconf 89' lang='lat' dir='ltr'>anno,</span> <span class='ocrx_word' id='word_1_193' title='bbox 1685 2072 2037 2154; x_wconf 90' lang='lat' dir='ltr'>eademque</span> <span class='ocrx_word' id='word_1_194' title='bbox 2097 2092 2211 2155; x_wconf 90' lang='lat' dir='ltr'>pro</span> <span class='ocrx_word' id='word_1_195' title='bbox 2280 2070 2575 2135; x_wconf 89' lang='lat' dir='ltr'>contione</span> 
     </span>
     <span class='ocr_line' id='line_1_25' title="bbox 187 2158 2655 2246; baseline -0.002 -19"><span class='ocrx_word' id='word_1_196' title='bbox 187 2162 444 2227; x_wconf 90' lang='lat' dir='ltr'>edicere</span> <span class='ocrx_word' id='word_1_197' title='bbox 493 2164 567 2240; x_wconf 86' lang='lat' dir='ltr'>Q.</span> <span class='ocrx_word' id='word_1_198' title='bbox 604 2163 923 2227; x_wconf 89' lang='lat' dir='ltr'>Maenium</span> <span class='ocrx_word' id='word_1_199' title='bbox 956 2170 1314 2246; x_wconf 89' lang='lat' dir='ltr'>praetorem</span> <span class='ocrx_word' id='word_1_200' title='bbox 1360 2162 1697 2226; x_wconf 90' lang='lat' dir='ltr'>iusserunt.</span> <span class='ocrx_word' id='word_1_201' title='bbox 1780 2168 1842 2224; x_wconf 91' lang='lat' dir='ltr'>et</span> <span class='ocrx_word' id='word_1_202' title='bbox 1874 2159 2072 2242; x_wconf 90' lang='lat' dir='ltr'>legati</span> <span class='ocrx_word' id='word_1_203' title='bbox 2103 2159 2245 2239; x_wconf 90' lang='lat' dir='ltr'>duo,</span> <span class='ocrx_word' id='word_1_204' title='bbox 2298 2159 2366 2224; x_wconf 78' lang='lat' dir='ltr'>C.</span> <span class='ocrx_word' id='word_1_205' title='bbox 2405 2158 2575 2222; x_wconf 85' lang='lat' dir='ltr'>Sem·</span> <span class='ocrx_word' id='word_1_206' title='bbox 2607 2171 2655 2207; x_wconf 79' lang='lat'>12</span> 
     </span>
     <span class='ocr_line' id='line_1_26' title="bbox 187 2245 2577 2333; baseline -0.002 -21"><span class='ocrx_word' id='word_1_207' title='bbox 187 2249 449 2333; x_wconf 89' lang='lat' dir='ltr'>pronius</span> <span class='ocrx_word' id='word_1_208' title='bbox 494 2252 762 2314; x_wconf 89' lang='lat' dir='ltr'>Blaesus</span> <span class='ocrx_word' id='word_1_209' title='bbox 794 2249 940 2315; x_wconf 79' lang='lat' dir='ltr'>Sex,</span> <span class='ocrx_word' id='word_1_210' title='bbox 975 2249 1176 2313; x_wconf 93' lang='lat' dir='ltr'>Iulius</span> <span class='ocrx_word' id='word_1_211' title='bbox 1218 2248 1471 2329; x_wconf 84' lang='lat' dir='ltr'>Caesar,</span> <span class='ocrx_word' id='word_1_212' title='bbox 1524 2248 1608 2312; x_wconf 89' lang='lat' dir='ltr'>ad</span> <span class='ocrx_word' id='word_1_213' title='bbox 1654 2247 2081 2313; x_wconf 87' lang='lat' dir='ltr'>restituendos</span> <span class='ocrx_word' id='word_1_214' title='bbox 2121 2246 2185 2310; x_wconf 89' lang='lat' dir='ltr'>in</span> <span class='ocrx_word' id='word_1_215' title='bbox 2215 2245 2577 2310; x_wconf 89' lang='lat' dir='ltr'>libertatem</span> 
     </span>
     <span class='ocr_line' id='line_1_27' title="bbox 185 2332 2655 2416; baseline -0.002 -16"><span class='ocrx_word' id='word_1_216' title='bbox 185 2336 534 2402; x_wconf 89' lang='lat' dir='ltr'>Abderitas</span> <span class='ocrx_word' id='word_1_217' title='bbox 600 2337 797 2402; x_wconf 87' lang='lat' dir='ltr'>missi.</span> <span class='ocrx_word' id='word_1_218' title='bbox 863 2336 1092 2400; x_wconf 90' lang='lat' dir='ltr'>iisdem</span> <span class='ocrx_word' id='word_1_219' title='bbox 1160 2334 1548 2416; x_wconf 89' lang='lat' dir='ltr'>mandatum,</span> <span class='ocrx_word' id='word_1_220' title='bbox 1620 2342 1688 2399; x_wconf 94' lang='lat' dir='ltr'>ut</span> <span class='ocrx_word' id='word_1_221' title='bbox 1748 2343 1811 2399; x_wconf 92' lang='lat' dir='ltr'>et</span> <span class='ocrx_word' id='word_1_222' title='bbox 1857 2334 2133 2398; x_wconf 90' lang='lat' dir='ltr'>Hostilio</span> <span class='ocrx_word' id='word_1_223' title='bbox 2200 2332 2447 2397; x_wconf 89' lang='lat' dir='ltr'>consuli</span> <span class='ocrx_word' id='word_1_224' title='bbox 2515 2336 2655 2395; x_wconf 79' lang='lat' dir='ltr'>et13</span> 
     </span>
     <span class='ocr_line' id='line_1_28' title="bbox 184 2419 2574 2508; baseline -0.003 -21"><span class='ocrx_word' id='word_1_225' title='bbox 184 2424 529 2488; x_wconf 92' lang='lat' dir='ltr'>Hortensio</span> <span class='ocrx_word' id='word_1_226' title='bbox 575 2423 852 2508; x_wconf 90' lang='lat' dir='ltr'>praetori</span> <span class='ocrx_word' id='word_1_227' title='bbox 900 2423 1282 2503; x_wconf 91' lang='lat' dir='ltr'>nuntiarent,</span> <span class='ocrx_word' id='word_1_228' title='bbox 1317 2430 1609 2487; x_wconf 91' lang='lat' dir='ltr'>senatum</span> <span class='ocrx_word' id='word_1_229' title='bbox 1644 2421 1968 2486; x_wconf 91' lang='lat' dir='ltr'>Abderitis</span> <span class='ocrx_word' id='word_1_230' title='bbox 2000 2421 2304 2485; x_wconf 89' lang='lat' dir='ltr'>iniustum</span> <span class='ocrx_word' id='word_1_231' title='bbox 2334 2419 2574 2484; x_wconf 91' lang='lat' dir='ltr'>bellum</span> 
     </span>
    </p>
   </div>
   <div class='ocr_carea' id='block_1_6' title="bbox 181 2557 2578 2736">
    <p class='ocr_par' dir='ltr' id='par_1_6' title="bbox 181 2557 2578 2736">
     <span class='ocr_line' id='line_1_29' title="bbox 402 2557 2578 2631; baseline -0.003 -16"><span class='ocrx_word' id='word_1_232' title='bbox 402 2566 446 2617; x_wconf 94' lang='lat' dir='ltr'>l.</span> <span class='ocrx_word' id='word_1_233' title='bbox 481 2564 744 2630; x_wconf 71' lang='lat' dir='ltr'>ingenti.</span> <span class='ocrx_word' id='word_1_234' title='bbox 777 2562 786 2631; x_wconf 97' lang='grc' dir='ltr'>Ι</span> <span class='ocrx_word' id='word_1_235' title='bbox 817 2568 866 2618; x_wconf 88' lang='grc'><strong>2.</strong></span> <span class='ocrx_word' id='word_1_236' title='bbox 905 2566 1128 2618; x_wconf 87' lang='lat' dir='ltr'>sinesan</span> <span class='ocrx_word' id='word_1_237' title='bbox 1156 2566 1178 2627; x_wconf 91' lang='grc' dir='ltr'>ΙΙ</span> <span class='ocrx_word' id='word_1_238' title='bbox 1202 2564 1444 2631; x_wconf 87' lang='lat' dir='ltr'>guinem.</span> <span class='ocrx_word' id='word_1_239' title='bbox 1489 2561 1497 2630; x_wconf 92' lang='grc' dir='ltr'>Ι</span> <span class='ocrx_word' id='word_1_240' title='bbox 1543 2566 1591 2616; x_wconf 89' lang='lat'>3.</span> <span class='ocrx_word' id='word_1_241' title='bbox 1629 2562 1802 2615; x_wconf 85' lang='lat' dir='ltr'>a.uari</span> <span class='ocrx_word' id='word_1_242' title='bbox 1826 2563 1846 2623; x_wconf 90' lang='grc' dir='ltr'>ΙΙ</span> <span class='ocrx_word' id='word_1_243' title='bbox 1873 2578 2067 2628; x_wconf 86' lang='lat' dir='ltr'>usque.</span> <span class='ocrx_word' id='word_1_244' title='bbox 2112 2557 2120 2626; x_wconf 93' lang='grc' dir='ltr'>Ι</span> <span class='ocrx_word' id='word_1_245' title='bbox 2163 2562 2211 2613; x_wconf 82' lang='lat'>5.</span> <span class='ocrx_word' id='word_1_246' title='bbox 2238 2559 2357 2612; x_wconf 86' lang='lat' dir='ltr'>adsi</span> <span class='ocrx_word' id='word_1_247' title='bbox 2381 2560 2401 2620; x_wconf 92' lang='grc' dir='ltr'>ΙΙ</span> <span class='ocrx_word' id='word_1_248' title='bbox 2428 2557 2578 2610; x_wconf 87' lang='lat' dir='ltr'>duis-</span> 
     </span>
     <span class='ocr_line' id='line_1_30' title="bbox 181 2652 2573 2736; baseline -0.003 -17"><span class='ocrx_word' id='word_1_249' title='bbox 181 2652 776 2736; x_wconf 60' lang='lat' dir='ltr'>lacerabantcumreff).</span> <span class='ocrx_word' id='word_1_250' title='bbox 815 2686 994 2722; x_wconf 85' lang='lat' dir='ltr'>causa.</span> <span class='ocrx_word' id='word_1_251' title='bbox 1029 2667 1037 2734; x_wconf 92' lang='grc' dir='ltr'>Ι</span> <span class='ocrx_word' id='word_1_252' title='bbox 1069 2671 1118 2721; x_wconf 89' lang='lat'>7.</span> <span class='ocrx_word' id='word_1_253' title='bbox 1158 2673 1316 2722; x_wconf 90' lang='lat' dir='ltr'>erant</span> <span class='ocrx_word' id='word_1_254' title='bbox 1342 2669 1363 2731; x_wconf 92' lang='grc' dir='ltr'>ΙΙ</span> <span class='ocrx_word' id='word_1_255' title='bbox 1388 2667 1543 2720; x_wconf 77' lang='lat' dir='ltr'>tutis,</span> <span class='ocrx_word' id='word_1_256' title='bbox 1576 2664 1583 2734; x_wconf 99' lang='grc' dir='ltr'>Ι</span> <span class='ocrx_word' id='word_1_257' title='bbox 1615 2667 1895 2731; x_wconf 79' lang='lat' dir='ltr'>ineoagro,</span> <span class='ocrx_word' id='word_1_258' title='bbox 1940 2662 1948 2731; x_wconf 92' lang='grc' dir='ltr'>Ι</span> <span class='ocrx_word' id='word_1_259' title='bbox 1990 2666 2040 2718; x_wconf 91' lang='grc'>8.</span> <span class='ocrx_word' id='word_1_260' title='bbox 2080 2667 2521 2730; x_wconf 80' lang='lat' dir='ltr'>essetquamque.</span> <span class='ocrx_word' id='word_1_261' title='bbox 2564 2652 2573 2722; x_wconf 95' lang='grc' dir='ltr'>Ι</span> 
     </span>
    </p>
   </div>
   <div class='ocr_carea' id='block_1_7' title="bbox 184 2753 2579 2893">
    <p class='ocr_par' dir='ltr' id='par_1_7' title="bbox 184 2753 2579 2893">
     <span class='ocr_line' id='line_1_31' title="bbox 184 2753 2579 2893; baseline -0.004 -67"><span class='ocrx_word' id='word_1_262' title='bbox 184 2776 235 2826; x_wconf 90' lang='grc'><strong>9.</strong></span> <span class='ocrx_word' id='word_1_263' title='bbox 274 2753 538 2825; x_wconf 76' lang='lat' dir='ltr'>locbasse.</span> <span class='ocrx_word' id='word_1_264' title='bbox 573 2770 581 2837; x_wconf 96' lang='grc' dir='ltr'>Ι</span> <span class='ocrx_word' id='word_1_265' title='bbox 628 2774 708 2824; x_wconf 93' lang='grc'>11.</span> <span class='ocrx_word' id='word_1_266' title='bbox 746 2772 861 2825; x_wconf 88' lang='lat' dir='ltr'>insa</span> <span class='ocrx_word' id='word_1_267' title='bbox 886 2774 906 2834; x_wconf 89' lang='grc' dir='ltr'>ΙΙ</span> <span class='ocrx_word' id='word_1_268' title='bbox 930 2773 1208 2893; x_wconf 52' lang='lat' dir='ltr'>mi&#39;alrlr&#39;ique</span> <span class='ocrx_word' id='word_1_269' title='bbox 1256 2770 1384 2839; x_wconf 86' lang='lat' dir='ltr'>(iam</span> <span class='ocrx_word' id='word_1_270' title='bbox 1420 2774 1475 2824; x_wconf 77' lang='lat' dir='ltr'>in</span> <span class='ocrx_word' id='word_1_271' title='bbox 1523 2769 1658 2836; x_wconf 80' lang='lat' dir='ltr'>ras).</span> <span class='ocrx_word' id='word_1_272' title='bbox 1703 2769 1711 2836; x_wconf 92' lang='grc' dir='ltr'>Ι</span> <span class='ocrx_word' id='word_1_273' title='bbox 1755 2772 2090 2831; x_wconf 84' lang='lat' dir='ltr'>auerterent,</span> <span class='ocrx_word' id='word_1_274' title='bbox 2128 2768 2197 2835; x_wconf 88' lang='lat' dir='ltr'>cf.</span> <span class='ocrx_word' id='word_1_275' title='bbox 2240 2767 2305 2818; x_wconf 80' lang='lat' dir='ltr'>G.</span> <span class='ocrx_word' id='word_1_276' title='bbox 2343 2766 2579 2817; x_wconf 78' lang='lat' dir='ltr'>Heraeus</span> 
     </span>
    </p>
   </div>
   <div class='ocr_carea' id='block_1_8' title="bbox 179 2900 2576 3691">
    <p class='ocr_par' dir='ltr' id='par_1_8' title="bbox 179 2900 2576 3691">
     <span class='ocr_line' id='line_1_32' title="bbox 182 2900 2572 2981; baseline -0.003 -17"><span class='ocrx_word' id='word_1_277' title='bbox 182 2914 218 2964; x_wconf 80' lang='lat' dir='ltr'>l.</span> <span class='ocrx_word' id='word_1_278' title='bbox 256 2912 291 2964; x_wconf 86' lang='lat' dir='ltr'>l.</span> <span class='ocrx_word' id='word_1_279' title='bbox 310 2930 367 2981; x_wconf 82' lang='lat' dir='ltr'>p.</span> <span class='ocrx_word' id='word_1_280' title='bbox 396 2910 479 2965; x_wconf 81' lang='lat'>79.</span> <span class='ocrx_word' id='word_1_281' title='bbox 512 2911 520 2976; x_wconf 96' lang='grc' dir='ltr'>Ι</span> <span class='ocrx_word' id='word_1_282' title='bbox 558 2914 636 2963; x_wconf 88' lang='grc'>12.</span> <span class='ocrx_word' id='word_1_283' title='bbox 664 2912 929 2965; x_wconf 84' lang='lat' dir='ltr'>abderite.</span> <span class='ocrx_word' id='word_1_284' title='bbox 963 2911 971 2977; x_wconf 94' lang='grc' dir='ltr'>Ι</span> <span class='ocrx_word' id='word_1_285' title='bbox 1003 2912 1289 2965; x_wconf 68' lang='lat' dir='ltr'>antecuria</span> <span class='ocrx_word' id='word_1_286' title='bbox 1314 2913 1335 2974; x_wconf 93' lang='grc' dir='ltr'>ΙΙ</span> <span class='ocrx_word' id='word_1_287' title='bbox 1363 2951 1374 2963; x_wconf 95' lang='grc'><strong>.</strong></span> <span class='ocrx_word' id='word_1_288' title='bbox 1407 2908 1415 2977; x_wconf 99' lang='grc' dir='ltr'>Ι</span> <span class='ocrx_word' id='word_1_289' title='bbox 1448 2912 1910 2977; x_wconf 86' lang='lat' dir='ltr'>quaerentesque.</span> <span class='ocrx_word' id='word_1_290' title='bbox 1942 2905 1950 2970; x_wconf 97' lang='grc' dir='ltr'>Ι</span> <span class='ocrx_word' id='word_1_291' title='bbox 1986 2909 2067 2958; x_wconf 88' lang='lat'>13.</span> <span class='ocrx_word' id='word_1_292' title='bbox 2105 2905 2326 2973; x_wconf 77' lang='lat' dir='ltr'>direptii</span> <span class='ocrx_word' id='word_1_293' title='bbox 2351 2905 2373 2967; x_wconf 90' lang='grc' dir='ltr'>ΙΙ</span> <span class='ocrx_word' id='word_1_294' title='bbox 2399 2920 2535 2956; x_wconf 88' lang='lat' dir='ltr'>esse.</span> <span class='ocrx_word' id='word_1_295' title='bbox 2566 2900 2572 2971; x_wconf 96' lang='grc' dir='ltr'>Ι</span> 
     </span>
     <span class='ocr_line' id='line_1_33' title="bbox 187 2998 2576 3080; baseline -0.004 -12"><span class='ocrx_word' id='word_1_296' title='bbox 187 3019 269 3068; x_wconf 90' lang='grc'>14.</span> <span class='ocrx_word' id='word_1_297' title='bbox 309 2998 736 3068; x_wconf 78' lang='lat' dir='ltr'>cummcentum.</span> <span class='ocrx_word' id='word_1_298' title='bbox 771 3014 779 3080; x_wconf 91' lang='grc' dir='ltr'>Ι</span> <span class='ocrx_word' id='word_1_299' title='bbox 810 3015 986 3068; x_wconf 87' lang='lat' dir='ltr'>tritici</span> <span class='ocrx_word' id='word_1_300' title='bbox 1021 3016 1082 3068; x_wconf 88' lang='lat' dir='ltr'>L.</span> <span class='ocrx_word' id='word_1_301' title='bbox 1119 3016 1289 3069; x_wconf 87' lang='lat' dir='ltr'>milia.</span> <span class='ocrx_word' id='word_1_302' title='bbox 1335 3013 1341 3080; x_wconf 94' lang='grc' dir='ltr'>Ι</span> <span class='ocrx_word' id='word_1_303' title='bbox 1395 3018 1475 3068; x_wconf 88' lang='grc'>15.</span> <span class='ocrx_word' id='word_1_304' title='bbox 1515 3015 1855 3076; x_wconf 82' lang='lat' dir='ltr'>impetraret.</span> <span class='ocrx_word' id='word_1_305' title='bbox 1906 3009 1914 3075; x_wconf 94' lang='grc' dir='ltr'>Ι</span> <span class='ocrx_word' id='word_1_306' title='bbox 1962 3010 2228 3077; x_wconf 86' lang='lat' dir='ltr'>petierint</span> <span class='ocrx_word' id='word_1_307' title='bbox 2278 3007 2376 3074; x_wconf 82' lang='lat' dir='ltr'>(sic</span> <span class='ocrx_word' id='word_1_308' title='bbox 2423 3009 2576 3061; x_wconf 79' lang='lat' dir='ltr'>etiam</span> 
     </span>
     <span class='ocr_line' id='line_1_34' title="bbox 181 3094 2574 3170; baseline -0.003 -14"><span class='ocrx_word' id='word_1_309' title='bbox 181 3104 231 3156; x_wconf 92' lang='grc' dir='ltr'><strong>Ι.</strong></span> <span class='ocrx_word' id='word_1_310' title='bbox 268 3104 337 3155; x_wconf 90' lang='lat' dir='ltr'>F.</span> <span class='ocrx_word' id='word_1_311' title='bbox 375 3101 694 3168; x_wconf 80' lang='lat' dir='ltr'>Gronovius)</span> <span class='ocrx_word' id='word_1_312' title='bbox 749 3112 883 3155; x_wconf 75' lang='lat' dir='ltr'>extat</span> <span class='ocrx_word' id='word_1_313' title='bbox 931 3104 986 3154; x_wconf 83' lang='lat' dir='ltr'>in</span> <span class='ocrx_word' id='word_1_314' title='bbox 1033 3104 1161 3168; x_wconf 63' lang='lat' dir='ltr'>cod„</span> <span class='ocrx_word' id='word_1_315' title='bbox 1210 3102 1495 3170; x_wconf 87' lang='lat' dir='ltr'>petierunt</span> <span class='ocrx_word' id='word_1_316' title='bbox 1545 3102 1621 3153; x_wconf 80' lang='lat' dir='ltr'>ed.</span> <span class='ocrx_word' id='word_1_317' title='bbox 1661 3101 1787 3152; x_wconf 80' lang='lat' dir='ltr'>Bas,</span> <span class='ocrx_word' id='word_1_318' title='bbox 1826 3096 1990 3151; x_wconf 75' lang='lat'><em>1531.</em></span> <span class='ocrx_word' id='word_1_319' title='bbox 2040 3095 2048 3164; x_wconf 99' lang='grc' dir='ltr'>Ι</span> <span class='ocrx_word' id='word_1_320' title='bbox 2098 3098 2394 3165; x_wconf 90' lang='lat' dir='ltr'>quodeare.</span> <span class='ocrx_word' id='word_1_321' title='bbox 2439 3094 2447 3162; x_wconf 90' lang='grc' dir='ltr'>Ι</span> <span class='ocrx_word' id='word_1_322' title='bbox 2494 3100 2574 3149; x_wconf 90' lang='grc'>16.</span> 
     </span>
     <span class='ocr_line' id='line_1_35' title="bbox 180 3184 2574 3259; baseline -0.003 -16"><span class='ocrx_word' id='word_1_323' title='bbox 180 3191 831 3259; x_wconf 78' lang='lat' dir='ltr'>legatossiuixdumad06</span> <span class='ocrx_word' id='word_1_324' title='bbox 856 3190 878 3252; x_wconf 91' lang='grc' dir='ltr'>ΙΙ</span> <span class='ocrx_word' id='word_1_325' title='bbox 904 3187 1725 3256; x_wconf 86' lang='lat' dir='ltr'>sulemseperuenissetaudisse</span> <span class='ocrx_word' id='word_1_326' title='bbox 1774 3187 2027 3253; x_wconf 87' lang='lat' dir='ltr'>(legatos.</span> <span class='ocrx_word' id='word_1_327' title='bbox 2069 3184 2299 3237; x_wconf 84' lang='lat' dir='ltr'>vixdum</span> <span class='ocrx_word' id='word_1_328' title='bbox 2339 3184 2409 3237; x_wconf 85' lang='lat' dir='ltr'>ad</span> <span class='ocrx_word' id='word_1_329' title='bbox 2446 3200 2574 3235; x_wconf 93' lang='lat' dir='ltr'>con-</span> 
     </span>
     <span class='ocr_line' id='line_1_36' title="bbox 182 3269 2573 3345; baseline -0.004 -14"><span class='ocrx_word' id='word_1_330' title='bbox 182 3278 362 3331; x_wconf 88' lang='lat' dir='ltr'>sulem</span> <span class='ocrx_word' id='word_1_331' title='bbox 384 3294 441 3330; x_wconf 87' lang='lat' dir='ltr'>se</span> <span class='ocrx_word' id='word_1_332' title='bbox 460 3276 802 3345; x_wconf 86' lang='lat' dir='ltr'>pervenisse,</span> <span class='ocrx_word' id='word_1_333' title='bbox 822 3276 1022 3340; x_wconf 85' lang='lat' dir='ltr'>&lt;cum&gt;</span> <span class='ocrx_word' id='word_1_334' title='bbox 1041 3277 1265 3329; x_wconf 86' lang='lat' dir='ltr'>audisse</span> <span class='ocrx_word' id='word_1_335' title='bbox 1285 3274 1471 3328; x_wconf 65' lang='lat' dir='ltr'>Noc-(ilc</span> <span class='ocrx_word' id='word_1_336' title='bbox 1487 3294 1540 3343; x_wconf 86' lang='lat' dir='ltr'>p.</span> <span class='ocrx_word' id='word_1_337' title='bbox 1564 3273 1721 3338; x_wconf 81' lang='lat'><em>210).</em></span> <span class='ocrx_word' id='word_1_338' title='bbox 1773 3271 1781 3338; x_wconf 91' lang='grc' dir='ltr'>Ι</span> <span class='ocrx_word' id='word_1_339' title='bbox 1818 3276 1897 3325; x_wconf 93' lang='grc'>17.</span> <span class='ocrx_word' id='word_1_340' title='bbox 1924 3272 2133 3340; x_wconf 71' lang='lat' dir='ltr'>oppidu</span> <span class='ocrx_word' id='word_1_341' title='bbox 2158 3272 2179 3334; x_wconf 92' lang='grc' dir='ltr'>ΙΙ</span> <span class='ocrx_word' id='word_1_342' title='bbox 2207 3311 2219 3323; x_wconf 89' lang='grc'><strong>.</strong></span> <span class='ocrx_word' id='word_1_343' title='bbox 2265 3269 2272 3334; x_wconf 92' lang='grc' dir='ltr'>Ι</span> <span class='ocrx_word' id='word_1_344' title='bbox 2320 3273 2398 3323; x_wconf 86' lang='grc'><strong>18.</strong></span> <span class='ocrx_word' id='word_1_345' title='bbox 2421 3288 2522 3338; x_wconf 88' lang='lat' dir='ltr'>per</span> <span class='ocrx_word' id='word_1_346' title='bbox 2546 3269 2573 3336; x_wconf 90' lang='grc' dir='ltr'>ΙΙ</span> 
     </span>
     <span class='ocr_line' id='line_1_37' title="bbox 182 3358 2576 3428; baseline -0.004 -11"><span class='ocrx_word' id='word_1_347' title='bbox 182 3362 1080 3418; x_wconf 84' lang='lat' dir='ltr'>cussoscoronasubceterosuenis</span> <span class='ocrx_word' id='word_1_348' title='bbox 1116 3364 1137 3425; x_wconf 90' lang='grc' dir='ltr'>ΙΙ</span> <span class='ocrx_word' id='word_1_349' title='bbox 1177 3358 2089 3428; x_wconf 84' lang='lat' dir='ltr'>sectandisseindignesenatuiuisa</span> <span class='ocrx_word' id='word_1_350' title='bbox 2120 3359 2140 3420; x_wconf 88' lang='grc' dir='ltr'>ΙΙ</span> <span class='ocrx_word' id='word_1_351' title='bbox 2179 3359 2576 3411; x_wconf 87' lang='lat' dir='ltr'>decreuerunt-</span> 
     </span>
     <span class='ocr_line' id='line_1_38' title="bbox 182 3443 2575 3520; baseline -0.004 -15"><span class='ocrx_word' id='word_1_352' title='bbox 182 3468 340 3519; x_wconf 84' lang='lat' dir='ltr'>quae,</span> <span class='ocrx_word' id='word_1_353' title='bbox 378 3467 689 3520; x_wconf 76' lang='lat' dir='ltr'>percusSOS,</span> <span class='ocrx_word' id='word_1_354' title='bbox 728 3451 831 3504; x_wconf 88' lang='lat' dir='ltr'>sub</span> <span class='ocrx_word' id='word_1_355' title='bbox 870 3467 1076 3504; x_wconf 88' lang='lat' dir='ltr'>corona</span> <span class='ocrx_word' id='word_1_356' title='bbox 1115 3453 1331 3503; x_wconf 87' lang='lat' dir='ltr'>ceteros</span> <span class='ocrx_word' id='word_1_357' title='bbox 1367 3448 1604 3502; x_wconf 84' lang='lat' dir='ltr'>venisse.</span> <span class='ocrx_word' id='word_1_358' title='bbox 1658 3447 1888 3515; x_wconf 86' lang='lat' dir='ltr'>indigna</span> <span class='ocrx_word' id='word_1_359' title='bbox 1936 3464 1998 3498; x_wconf 88' lang='lat' dir='ltr'>ea</span> <span class='ocrx_word' id='word_1_360' title='bbox 2049 3446 2151 3511; x_wconf 74' lang='lat' dir='ltr'>(rel</span> <span class='ocrx_word' id='word_1_361' title='bbox 2194 3443 2305 3510; x_wconf 86' lang='lat' dir='ltr'>res)</span> <span class='ocrx_word' id='word_1_362' title='bbox 2357 3445 2575 3498; x_wconf 84' lang='lat' dir='ltr'>senatui</span> 
     </span>
     <span class='ocr_line' id='line_1_39' title="bbox 179 3532 2570 3603; baseline -0.003 -12"><span class='ocrx_word' id='word_1_363' title='bbox 179 3538 299 3591; x_wconf 87' lang='lat' dir='ltr'>visa</span> <span class='ocrx_word' id='word_1_364' title='bbox 336 3539 818 3603; x_wconf 88' lang='lat' dir='ltr'>decreveruntque</span> <span class='ocrx_word' id='word_1_365' title='bbox 853 3537 899 3590; x_wconf 93' lang='lat' dir='ltr'>I.</span> <span class='ocrx_word' id='word_1_366' title='bbox 937 3539 1001 3590; x_wconf 91' lang='lat' dir='ltr'>F.</span> <span class='ocrx_word' id='word_1_367' title='bbox 1033 3538 1325 3589; x_wconf 75' lang='lat' dir='ltr'>Gronovius</span> <span class='ocrx_word' id='word_1_368' title='bbox 1362 3532 1696 3602; x_wconf 75' lang='lat' dir='ltr'>(percuSSOS‚</span> <span class='ocrx_word' id='word_1_369' title='bbox 1737 3535 1839 3588; x_wconf 91' lang='lat' dir='ltr'>sub</span> <span class='ocrx_word' id='word_1_370' title='bbox 1868 3549 2071 3586; x_wconf 83' lang='lat' dir='ltr'>corona</span> <span class='ocrx_word' id='word_1_371' title='bbox 2097 3536 2311 3585; x_wconf 85' lang='lat' dir='ltr'>ceteros</span> <span class='ocrx_word' id='word_1_372' title='bbox 2337 3532 2570 3585; x_wconf 88' lang='lat' dir='ltr'>venisse.</span> 
     </span>
     <span class='ocr_line' id='line_1_40' title="bbox 181 3617 2571 3691; baseline -0.002 -14"><span class='ocrx_word' id='word_1_373' title='bbox 181 3641 248 3677; x_wconf 82' lang='lat' dir='ltr'>ea</span> <span class='ocrx_word' id='word_1_374' title='bbox 283 3624 553 3678; x_wconf 85' lang='lat' dir='ltr'>accidisse</span> <span class='ocrx_word' id='word_1_375' title='bbox 589 3623 834 3691; x_wconf 86' lang='lat' dir='ltr'>indignis</span> <span class='ocrx_word' id='word_1_376' title='bbox 861 3624 1078 3677; x_wconf 89' lang='lat' dir='ltr'>senatui</span> <span class='ocrx_word' id='word_1_377' title='bbox 1100 3622 1220 3677; x_wconf 84' lang='lat' dir='ltr'>visa</span> <span class='ocrx_word' id='word_1_378' title='bbox 1244 3621 1725 3688; x_wconf 88' lang='lat' dir='ltr'>decreveruntque</span> <span class='ocrx_word' id='word_1_379' title='bbox 1750 3620 1965 3673; x_wconf 77' lang='lat' dir='ltr'>Harant</span> <span class='ocrx_word' id='word_1_380' title='bbox 1988 3637 2044 3687; x_wconf 81' lang='lat' dir='ltr'>p.</span> <span class='ocrx_word' id='word_1_381' title='bbox 2072 3618 2233 3683; x_wconf 76' lang='lat'>259).</span> <span class='ocrx_word' id='word_1_382' title='bbox 2267 3617 2275 3683; x_wconf 93' lang='grc' dir='ltr'>Ι</span> <span class='ocrx_word' id='word_1_383' title='bbox 2322 3622 2401 3672; x_wconf 89' lang='grc'>19.</span> <span class='ocrx_word' id='word_1_384' title='bbox 2439 3637 2571 3685; x_wconf 90' lang='lat' dir='ltr'>que-</span> 
     </span>
    </p>
   </div>
   <div class='ocr_carea' id='block_1_9' title="bbox 181 3704 2572 3882">
    <p class='ocr_par' dir='ltr' id='par_1_9' title="bbox 181 3704 2572 3882">
     <span class='ocr_line' id='line_1_41' title="bbox 181 3704 2568 3794; baseline -0.004 -13"><span class='ocrx_word' id='word_1_385' title='bbox 181 3726 456 3794; x_wconf 78' lang='lat' dir='ltr'>coroneiS‚</span> <span class='ocrx_word' id='word_1_386' title='bbox 475 3744 610 3779; x_wconf 87' lang='lat' dir='ltr'>corr.</span> <span class='ocrx_word' id='word_1_387' title='bbox 636 3728 712 3779; x_wconf 83' lang='lat' dir='ltr'>ed.</span> <span class='ocrx_word' id='word_1_388' title='bbox 739 3727 862 3780; x_wconf 78' lang='lat' dir='ltr'>Bas,</span> <span class='ocrx_word' id='word_1_389' title='bbox 894 3718 1057 3780; x_wconf 77' lang='lat'><strong><em>1531.</em></strong></span> <span class='ocrx_word' id='word_1_390' title='bbox 1091 3724 1099 3793; x_wconf 98' lang='grc' dir='ltr'>Ι</span> <span class='ocrx_word' id='word_1_391' title='bbox 1143 3730 1225 3780; x_wconf 84' lang='grc'><strong>20.</strong></span> <span class='ocrx_word' id='word_1_392' title='bbox 1249 3725 1643 3793; x_wconf 86' lang='lat' dir='ltr'>eandemquae.</span> <span class='ocrx_word' id='word_1_393' title='bbox 1674 3730 1685 3792; x_wconf 87' lang='grc' dir='ltr'>Ι</span> <span class='ocrx_word' id='word_1_394' title='bbox 1715 3728 1800 3779; x_wconf 92' lang='grc'>21.</span> <span class='ocrx_word' id='word_1_395' title='bbox 1839 3704 2484 3787; x_wconf 76' lang='lat' dir='ltr'>edicerequaemaenium</span> <span class='ocrx_word' id='word_1_396' title='bbox 2508 3722 2530 3784; x_wconf 91' lang='grc' dir='ltr'>ΙΙ</span> <span class='ocrx_word' id='word_1_397' title='bbox 2556 3760 2568 3772; x_wconf 92' lang='grc'><strong>.</strong></span> 
     </span>
     <span class='ocr_line' id='line_1_42' title="bbox 182 3808 2572 3882; baseline -0.003 -15"><span class='ocrx_word' id='word_1_398' title='bbox 182 3810 190 3882; x_wconf 95' lang='grc' dir='ltr'>Ι</span> <span class='ocrx_word' id='word_1_399' title='bbox 232 3817 316 3867; x_wconf 92' lang='grc'><strong>22.</strong></span> <span class='ocrx_word' id='word_1_400' title='bbox 353 3814 591 3868; x_wconf 85' lang='lat' dir='ltr'>Blesius.</span> <span class='ocrx_word' id='word_1_401' title='bbox 622 3810 632 3880; x_wconf 94' lang='grc' dir='ltr'>Ι</span> <span class='ocrx_word' id='word_1_402' title='bbox 663 3816 746 3866; x_wconf 85' lang='grc'><strong>23.</strong></span> <span class='ocrx_word' id='word_1_403' title='bbox 790 3814 1073 3867; x_wconf 83' lang='lat' dir='ltr'>abderitis.</span> <span class='ocrx_word' id='word_1_404' title='bbox 1108 3811 1116 3881; x_wconf 92' lang='grc' dir='ltr'>Ι</span> <span class='ocrx_word' id='word_1_405' title='bbox 1148 3811 1337 3867; x_wconf 88' lang='lat' dir='ltr'>isdem.</span> <span class='ocrx_word' id='word_1_406' title='bbox 1371 3808 1379 3877; x_wconf 98' lang='grc' dir='ltr'>Ι</span> <span class='ocrx_word' id='word_1_407' title='bbox 1411 3813 1495 3864; x_wconf 87' lang='grc'><strong>24.</strong></span> <span class='ocrx_word' id='word_1_408' title='bbox 1540 3811 2249 3878; x_wconf 84' lang='lat' dir='ltr'>praetorinuntiarentsena</span> <span class='ocrx_word' id='word_1_409' title='bbox 2273 3811 2294 3872; x_wconf 92' lang='grc' dir='ltr'>ΙΙ</span> <span class='ocrx_word' id='word_1_410' title='bbox 2319 3808 2572 3863; x_wconf 85' lang='lat' dir='ltr'>tununti-</span> 
     </span>
    </p>
   </div>
   <div class='ocr_carea' id='block_1_10' title="bbox 179 3899 910 3964">
    <p class='ocr_par' dir='ltr' id='par_1_10' title="bbox 179 3899 910 3964">
     <span class='ocr_line' id='line_1_43' title="bbox 179 3899 910 3964; baseline -0.001 -10"><span class='ocrx_word' id='word_1_411' title='bbox 179 3899 826 3955; x_wconf 73' lang='lat' dir='ltr'>arentabderitisiniustfi</span> <span class='ocrx_word' id='word_1_412' title='bbox 848 3900 871 3964; x_wconf 94' lang='grc' dir='ltr'>ΙΙ</span> <span class='ocrx_word' id='word_1_413' title='bbox 896 3939 910 3953; x_wconf 89' lang='grc'><strong>.</strong></span> 
     </span>
    </p>
   </div>
  </div>
 </body>
</html>
