3005 4257
770 226 993 282 LIBER
1028 228 1193 281 XLII.
1233 228 1386 282 GAP.
1425 231 1510 282 65.
1552 226 1621 294 [a.
1660 228 1725 282 U.
1765 246 1810 282 c.
1848 226 1973 295 583]
2465 228 2547 290 83

151 399 242 463 ibi
289 419 431 463 cum
474 400 541 463 in
586 399 802 464 orbem
868 399 1098 463 milites
1166 399 1500 481 coegisset,
1562 405 1631 462 ut
1699 396 1979 463 densatis
2025 399 2217 462 scutis
2278 400 2360 464 ab
2418 400 2547 464 ictu
2575 415 2598 455 ⁷

152 485 529 567 sagittarum
577 493 640 550 et
689 485 1037 550 iaculorum
1097 505 1237 550 sese
1298 492 1637 565 tuerentur,
1686 485 1974 564 Perseus,
2023 486 2408 550 circumdato
2455 506 2548 549 ar-

150 573 340 637 matis
386 573 645 653 tumuIO,
692 572 853 637 alios
900 592 1231 637 ascensum
1277 572 1555 655 undique
1601 579 1909 671 temptare
1954 572 2127 636 iubet
2188 581 2250 637 et
2297 572 2547 637 commi-

150 679 271 723 nus
316 659 624 743 proelium
683 678 1032 738 conserere,
1080 658 1240 723 alios
1301 659 1544 723 eminus
1605 659 1733 723 tela
1776 659 2087 740 ingerere.
2155 658 2382 740 ingens
2428 660 2548 723 Ro·
2574 674 2600 713 8

97 763 123 802 5
151 766 374 810 manos
428 754 628 811 terror
687 745 1164 827 circumstabat3
1228 767 1375 810 nam
1420 765 1628 827 neque
1689 744 1955 813 conferti
2013 747 2366 830 propellere
2414 765 2544 825 eos,

153 832 261 914 qui
322 833 387 895 in
447 832 753 896 tumulum
813 833 1268 913 conitebantur,
1328 839 1622 916 poterant
1666 839 1748 911 et,
1809 831 1916 896 ubi
1978 831 2229 932 ordines
2295 852 2548 917 procur-

152 917 354 984 sando
424 920 779 999 solvissent,
841 919 1144 1003 patebant
1209 919 1433 983 iaculis
1508 918 1903 1000 sagittisque.
1967 918 2240 984 maxime
2316 927 2546 984 cestro-

151 1004 540 1089 sphendonis
584 1006 1092 1071 vulnerabantur.
1139 1011 1266 1070 hoc
1296 1005 1405 1070 illo
1451 1006 1620 1070 bello
1649 1026 1884 1070 novum
1929 1025 2130 1088 genus
2175 1005 2286 1071 teli
2334 1006 2545 1070 inven—

150 1100 285 1156 tum
316 1100 429 1157 est.
478 1092 755 1176 bipalme
787 1092 1096 1176 spiculum
1135 1092 1349 1156 hastili
1387 1091 1805 1156 semicubitali
1835 1092 2095 1156 infixum
2132 1100 2285 1173 erat,
2327 1091 2546 1157 crassi-

62 1196 119 1234 10
151 1177 371 1243 tudine
418 1177 635 1261 digiti3
705 1177 853 1243 huic
921 1179 1233 1261 abiegnae
1292 1180 1517 1243 breves
1577 1178 1808 1262 pinnae
1868 1186 2014 1259 treS,
2061 1179 2234 1243 velut
2294 1178 2543 1261 sagittis
2573 1193 2623 1232 10

151 1266 376 1344 solent,
425 1265 1004 1346 circumdabantur,
1054 1265 1251 1329 funda
1294 1265 1508 1330 media
1568 1264 1693 1330 duo
1741 1266 2008 1331 scutalia
2065 1266 2312 1350 inparia
2356 1265 2545 1330 habe-

148 1353 292 1435 bat;
343 1372 485 1416 cum
524 1352 744 1416 maiori
790 1352 931 1416 nisu
969 1353 1263 1418 libratum
1301 1352 1581 1416 funditor
1614 1351 1867 1417 habena
1910 1360 2163 1433 rotaret,
2212 1372 2543 1417 excussum

149 1438 327 1502 velut
372 1438 558 1520 glans
605 1439 934 1503 emicabat.
999 1460 1141 1504 cum
1187 1447 1250 1503 et
1307 1437 1430 1503 hoc
1477 1446 1541 1503 et
1585 1439 1710 1503 alio
1757 1439 1925 1504 omni
1985 1460 2218 1522 genere
2278 1440 2544 1504 telorum
2572 1453 2618 1489 11

147 1545 299 1608 pars
345 1526 675 1590 vulnerata
704 1525 972 1589 militum
1003 1533 1171 1591 esset
1199 1547 1317 1590 nec
1356 1525 1544 1590 facile
1581 1526 1709 1589 iam
1740 1547 1917 1589 arma
1961 1526 2115 1591 fessi
2145 1526 2541 1606 sustinerent,

63 1627 119 1666 1⁵
148 1612 386 1676 instare
430 1633 562 1692 rex,
609 1620 676 1677 ut
722 1611 1026 1677 dederent
1070 1633 1158 1693 se,
1204 1612 1394 1676 fidem
1453 1610 1625 1693 dare,
1672 1613 1954 1697 praemia
2012 1612 2324 1677 interdum
2368 1612 2547 1696 polli-

149 1698 296 1762 ceri.
345 1719 462 1763 nec
516 1699 886 1781 cuiusquam
945 1699 1029 1762 ad
1076 1698 1460 1763 deditionem
1519 1697 1891 1764 flectebatur
1949 1699 2213 1779 animus,
2276 1719 2417 1763 cum
2463 1720 2544 1764 ex

148 1785 470 1869 insperato
516 1785 642 1849 iam
689 1786 1019 1850 obstinatis
1059 1786 1215 1850 mori
1262 1805 1408 1869 spes
1454 1784 1734 1850 adfulsit.
1782 1806 1930 1850 nam
1968 1806 2111 1850 cum
2157 1807 2237 1849 ex
2276 1785 2544 1850 frumen-
2572 1798 2621 1835 12

148 1871 457 1935 tatoribus
503 1872 890 1954 refugientes
924 1871 1182 1954 quidam
1218 1872 1284 1935 in
1315 1878 1525 1935 castra
1554 1872 1949 1937 nuntiassent
1995 1872 2253 1951 consuli,
2286 1873 2545 1936 circum-

150 1957 345 2022 sideri
396 1958 801 2042 praesidium,
862 1968 1068 2023 motus
1113 1958 1393 2042 periculo
1455 1965 1548 2023 tot
1593 1958 1828 2023 civium
1870 1994 1957 2004 -—-
2000 1979 2148 2022 nam
2195 1959 2541 2040 octingenti

62 2061 119 2100 20
151 2045 367 2125 ferme,
423 2052 487 2109 et
532 2065 748 2110 omnes
809 2046 1078 2109 Romani
1139 2052 1317 2110 erant
1363 2081 1445 2091 —-
1492 2064 1635 2109 cum
1696 2045 1976 2126 equitatu
2038 2066 2114 2109 ac
2173 2045 2298 2109 levi
2344 2065 2544 2108 arma-

148 2140 291 2196 tura
337 2169 419 2176 —
467 2141 866 2198 accesserant
930 2154 1099 2199 nova
1158 2132 1415 2212 auxilia,
1485 2132 1805 2197 Numidae
1864 2132 2112 2217 pedites
2173 2132 2543 2215 equitesque

150 2226 214 2284 et
260 2219 581 2303 elephanti
631 2257 711 2265 —
758 2220 980 2284 castris
1033 2219 1373 2302 egreditur,
1423 2226 1486 2284 et
1529 2219 1793 2284 tribunis
1831 2220 2099 2283 militum
2142 2219 2428 2303 imperat,
2475 2227 2544 2283 ut

148 2305 471 2387 legionum
530 2306 715 2387 signa
775 2314 1135 2388 sequantur.
1204 2306 1361 2390 ipse,
1429 2305 1724 2371 velitibus
1792 2305 1877 2371 ad
1942 2304 2250 2370 firmanda
2308 2305 2543 2370 levium
2570 2313 2621 2352 13

331 2492 376 2541 1.
392 2488 634 2542 densatis
646 2485 664 2556 ΙΙ
683 2489 1467 2557 secutisabiectussagittarum
1483 2487 1748 2553 (densatis
1768 2490 1942 2544 scutis
1960 2491 2028 2543 ab
2043 2490 2194 2543 iactu
2213 2488 2542 2556 sagittarum

152 2577 229 2627 ecl.
266 2575 395 2627 Bas.
434 2573 624 2642 1531),
661 2593 793 2628 corr.
831 2577 1016 2628 Duker
1055 2575 1146 2640 (ab
1183 2576 1388 2631 ictibus
1428 2577 1703 2631 Gitlbauer
1736 2596 1787 2647 p.
1815 2574 1970 2641 113).
2004 2576 2013 2642 Ι
2044 2580 2093 2629 2.
2121 2575 2499 2629 circumdatio.
2530 2572 2538 2640 Ι

153 2665 202 2714 3.
263 2660 388 2715 alio.
444 2657 450 2727 Ι
506 2665 555 2715 4.
610 2662 1008 2716 aliosseminus.
1064 2662 1071 2727 Ι
1141 2662 1607 2731 ingererereliges
1654 2662 1963 2730 (ingerere;
2031 2679 2234 2730 anceps
2298 2665 2374 2715 ed.
2413 2663 2541 2714 Bas.

153 2744 349 2814 1531),
386 2747 668 2814 ingerere3
720 2749 918 2815 ingens
955 2750 1219 2817 Kreyssiy.
1254 2748 1261 2813 Ι
1294 2750 1592 2804 Romanus.
1635 2748 1644 2816 Ι
1694 2753 1743 2803 5.
1782 2749 2351 2817 confertiproptereos
2388 2747 2543 2814 (con-

149 2834 282 2888 ferti
317 2852 570 2903 pugnare
605 2843 835 2905 propter
872 2854 965 2891 eos
1000 2841 1077 2890 ed.
1115 2839 1243 2890 Bas.
1283 2836 1477 2903 1531),
1529 2836 1764 2891 conferti
1811 2836 2129 2903 propellere
2178 2852 2271 2892 eos
2320 2834 2541 2902 Madvig]

150 2922 272 2974 Em.
309 2922 373 2975 L.
403 2940 462 2991 p.
499 2920 629 2988 661,
681 2923 954 2976 Gitlbauer
982 2943 1038 2993 p.
1078 2923 1171 2990 66,
1223 2923 1461 2978 conferti
1509 2941 1685 2992 prope
1738 2928 1928 2991 petere
1967 2938 2063 2976 eos
2112 2922 2301 2973 Hartel
2348 2923 2537 2989 ephem.

148 3009 326 3062 Austr.
365 3007 517 3062 1866
546 3027 603 3077 p.
643 3008 728 3063 11.
761 3008 769 3075 Ι
803 3012 1558 3065 6.intumulumconabantur
1607 3007 1928 3077 (ascendere
1965 3008 2023 3061 in
2059 3009 2336 3061 tumulum
2375 3025 2540 3061 cona-

146 3096 352 3148 bantur
399 3096 477 3148 ed.
514 3097 642 3149 Bas.
684 3094 877 3161 1531),
926 3097 982 3148 in
1030 3099 1308 3151 tumulum
1356 3097 1750 3152 conitebantur
1799 3096 2173 3149 IVeissenborn.
2223 3092 2232 3161 Ι
2282 3098 2331 3148 7.
2379 3099 2540 3161 puta-

144 3182 494 3236 bantiaculis.
555 3179 564 3249 Ι
609 3182 897 3249 sagittisve
950 3186 1026 3236 ed.
1081 3186 1210 3237 Bas.
1268 3183 1434 3237 1531.
1486 3182 1494 3249 Ι
1546 3182 2045 3250 cestrospendonis.
2096 3180 2104 3245 Ι
2153 3183 2203 3233 8.
2258 3181 2486 3234 bellum.
2527 3176 2536 3247 Ι

145 3272 194 3322 9.
251 3268 604 3351 bipalmale.*
650 3268 657 3333 Ι
724 3268 1257 3324 astilisemicuitali.*
1301 3270 1310 3338 Ι
1358 3276 1437 3324 10.
1499 3268 1707 3323 diciti*
1750 3268 1760 3334 Ι
1802 3268 2540 3334 huicablegebraeuepinnae

145 3371 296 3438 (huic
334 3374 405 3426 ad
440 3373 717 3426 libramen
752 3373 956 3441 pinnae
993 3378 1071 3427 ed.
1108 3376 1239 3428 Bas,
1280 3374 1476 3441 1531),
1515 3392 1652 3427 corr.
1680 3375 1931 3443 Kreyssiy
1957 3391 1983 3426 e
2007 3373 2186 3440 Polyb.
2214 3372 2460 3438 XXVII,
2486 3370 2538 3424 9.

147 3456 156 3525 Ι
182 3464 262 3511 11.
284 3460 1065 3527 circumfundabanturfunda,
1091 3463 1162 3530 cf.
1193 3463 1466 3515 Gz'tlbauer
1485 3480 1541 3529 p.
1563 3459 1688 3514 115.
1721 3458 1730 3527 Ι
1763 3458 2541 3527 duocumaliainparihabebat

143 3545 279 3608 (duo
314 3544 524 3597 funalia
559 3545 773 3613 inparia
809 3545 1051 3600 habebat
1086 3550 1163 3600 ed.
1202 3549 1331 3602 Bas,
1370 3546 1558 3615 1531),
1596 3566 1732 3601 corr.
1769 3549 1817 3601 Ι.
1853 3548 1920 3599 Α.
1947 3547 2174 3613 Ernesti,
2201 3547 2271 3614 gf.
2301 3546 2538 3598 Glossar.

142 3631 256 3683 Liv.
281 3648 340 3699 p.
370 3629 489 3684 595
513 3633 607 3697 (-
631 3633 741 3687 duo
768 3633 1002 3687 scutalia
1025 3634 1243 3701 inparia
1267 3635 1507 3689 habebat
1530 3662 1599 3671 —
1624 3635 1838 3687 Harant
1856 3653 1914 3702 p.
1939 3631 2107 3699 256).
2141 3631 2148 3697 Ι
2183 3636 2264 3685 12.
2290 3630 2540 3685 maioris-

142 3715 552 3783 sinulibratum‚
588 3718 787 3772 maiori
822 3720 948 3773 nisu
995 3720 1261 3773 libratum
1301 3722 1569 3789 Kreyssiy,
1619 3723 1690 3791 cf.
1744 3722 2021 3774 Giclbauer
2064 3738 2121 3788 p.
2176 3717 2247 3772 73
2294 3717 2539 3784 (maioris

142 3803 267 3856 sinu
304 3801 537 3869 ligatum
574 3803 788 3857 Harant
824 3808 856 3858 l.
895 3804 957 3871 l.)
993 3803 999 3872 Ι
1031 3806 1300 3860 funditur.
1334 3804 1342 3872 Ι
1378 3811 1458 3860 14.
1498 3808 1652 3860 armi.
1685 3805 1693 3874 Ι
1728 3812 1811 3862 15.
1848 3807 2075 3876 praemi.
2121 3804 2129 3871 Ι
2177 3810 2255 3859 17.
2295 3806 2541 3874 opstina-

140 3889 247 3943 titi.
280 3886 290 3955 Ι
325 3891 406 3940 19.
446 3889 893 3954 accc.fer{lme*.
927 3889 936 3958 Ι
968 3896 1051 3945 23.
1102 3892 1237 3972 aid*

2256 4014 2322 4067 6*
