3005 4257
391 160 429 220 8
941 159 1161 212 LIBER
1198 159 1394 212 XLIII.
1433 159 1586 212 CAP.
1625 162 1673 212 6.
1713 164 1761 213 7.
1801 157 1871 225 [a.
1909 160 1974 213 U.
2014 158 2058 211 (ἑ.
2097 156 2221 223 584]

390 372 724 444 moranteS,
775 365 1148 430 discessisse
1195 387 1264 430 se
1310 388 1350 430 a
1395 367 1650 447 Perseo,
1707 375 2043 450 postquam
2091 368 2408 430 Romanus
2461 366 2780 431 exercitus

390 452 456 515 in
486 452 927 516 Macedoniam
961 453 1258 534 venisset,
1311 474 1452 518 cum
1501 454 1617 517 sub
1665 454 1915 518 dicione
1947 454 2165 518 Persei
2212 461 2273 518 et
2319 460 2465 517 ante
2497 452 2776 536 Philippi

339 561 363 596 9
392 538 679 604 fuissent.
751 560 867 623 pro
914 561 990 605 eo
1037 547 1099 605 et
1146 540 1316 622 quod
1360 541 1849 624 imperatoribus
1900 541 2199 605 Romanis
2246 540 2459 604 omnia
2518 541 2781 624 praesti-

390 625 635 706 tissent,
705 626 772 691 id
817 646 887 691 se
933 634 1177 691 tantum
1223 648 1422 710 orare,
1466 634 1536 691 ut
1580 628 1645 691 in
1692 629 2054 692 amicitiam¹
2081 628 2297 712 populi
2329 628 2594 691 Romani
2621 627 2779 691 reci-

313 734 362 772 ιο
391 721 704 796 perentur,
754 721 834 793 et,
883 714 934 778 si
965 735 1095 798 pax
1128 735 1271 778 cum
1301 715 1538 779 Perseo
1570 714 1764 795 fieret,
1814 716 2274 798 exciperentur,
2324 736 2403 778 ne
2435 714 2499 777 in
2530 714 2777 796 regiam
2809 726 2836 766 5

387 807 765 883 potestatem
799 800 1169 865 reciderent.
1220 802 1448 866 ceteris
1480 802 1716 883 legatis
1743 802 2004 866 comiter
2034 822 2438 885 responsum;
2477 803 2778 884 Lampsa-

388 906 579 951 cenos
625 887 689 950 in
735 887 1050 952 sociorum
1096 888 1432 952 formulam
1477 889 1719 953 referre
1768 889 1842 965 Q.
1894 889 2183 953 Maenius
2230 896 2486 972 praetor
2542 889 2773 952 iussus.

388 994 650 1038 munera
695 974 986 1039 omnibus
1033 975 1098 1038 in
1144 975 1430 1058 singulos
1476 976 1690 1042 binum
1745 976 1991 1040 milium
2052 977 2220 1039 aeris
2268 975 2433 1040 data.
2506 974 2780 1039 Alaban-

389 1060 618 1161 denses
679 1068 859 1161 scuta
917 1070 1242 1146 reportare
1302 1063 1386 1127 ad
1446 1064 1522 1127 A.
1574 1063 1918 1128 Hostilium
1980 1065 2307 1127 consulem
2371 1062 2434 1126 in
2489 1061 2778 1125 Macedo-

386 1169 555 1211 mam
601 1167 778 1212 lussi.
2811 1180 2865 1219 ιο

311 1269 361 1306 11
597 1253 677 1317 Et
723 1274 803 1317 ex
850 1252 1069 1317 Africa
1135 1253 1332 1335 legati
1381 1254 1567 1317 simul
1615 1254 2235 1335 Carthaginiensium
2284 1264 2340 1317 et
2383 1253 2779 1316 Masinissae

387 1350 724 1403 venerunt:
774 1341 968 1426 legati
998 1337 1642 1425 Carthaginiensium
1686 1341 1875 1405 tritici
1921 1340 2179 1405 deciens
2212 1349 2464 1404 centum
2497 1340 2673 1403 milia
2711 1346 2780 1403 et

389 1425 608 1490 hordei
655 1427 1003 1509 quingenta
1047 1427 1399 1491 indicantes
1446 1447 1515 1492 se
1547 1428 1631 1491 ad
1676 1448 1849 1492 mare
1897 1426 2164 1492 devecta
2210 1427 2459 1507 habere,
2506 1434 2596 1506 ut,
2648 1447 2779 1526 quo

310 1533 360 1569 12
389 1520 645 1578 senatus
678 1515 1045 1594 censuisset,
1081 1514 1518 1598 deportarent
1561 1515 1628 1579 id
1660 1535 1883 1578 munus
1930 1514 2331 1596 officiumque
2378 1533 2559 1577 suum
2607 1513 2780 1578 scire

387 1599 592 1664 minus
640 1620 781 1665 esse
828 1621 1016 1683 quam
1062 1621 1177 1684 pro
1224 1601 1469 1666 meritis
1518 1602 1733 1685 populi
1783 1601 2047 1665 Romani
2109 1608 2172 1664 et
2231 1600 2558 1665 voluntate
2622 1620 2866 1684 sua31a

388 1686 502 1761 sed
550 1707 740 1771 saepe
785 1688 971 1767 alias,
1019 1688 1198 1753 bonis
1259 1689 1323 1751 in
1384 1691 1575 1754 rebus
1642 1689 1964 1770 utriusque
2025 1687 2260 1788 populi,
2325 1707 2393 1752 se
2456 1693 2782 1769 gratorum

313 1793 363 1829 13
393 1772 800 1856 fideliumque
855 1775 1094 1840 socium
1161 1777 1526 1839 muneribus
1586 1776 1837 1840 functos
1907 1794 2066 1839 esse.
2171 1775 2321 1838 item
2399 1774 2783 1839 Masinissae

388 1859 585 1942 legati
616 1861 808 1926 tritici
842 1861 1112 1926 eandem
1145 1882 1451 1926 summam
1483 1863 1744 1946 polliciti
1778 1870 1840 1926 et
1870 1862 2043 1926 mille
2076 1868 2139 1925 et
2172 1861 2478 1926 ducentos
2510 1860 2781 1942 equiteS,

391 1946 728 2012 duodecim
776 1949 1186 2032 elephantos,
1238 1956 1300 2013 et
1347 1950 1399 2013 si
1447 1949 1602 2030 quid
1648 1949 1824 2013 aliud
1871 1968 2031 2032 opus
2065 1956 2253 2028 esset,
2304 1948 2397 2012 uti
2457 1948 2783 2031 inperaret

312 2050 363 2088 14
391 2042 684 2098 senatus:
751 2057 952 2118 aeque
1012 2056 1328 2120 propenso
1375 2036 1586 2100 animo
1635 2048 1689 2099 et
1742 2058 1817 2099 ea
1865 2043 1945 2114 et,
1997 2056 2158 2116 quae
2206 2035 2343 2118 ipse
2388 2036 2549 2098 ultro
2595 2034 2781 2118 polli-
2814 2059 2866 2096 20

391 2121 552 2186 citus
614 2122 715 2203 sit,
798 2130 1260 2208 praestaturum
1331 2144 1492 2189 esse.
1564 2122 1808 2206 gratiae
1876 2131 1939 2188 et
2006 2121 2647 2205 Carthaginiensibus
2715 2128 2782 2187 et

389 2209 530 2291 regi
595 2217 798 2290 actae,
868 2209 1220 2292 rogatique,
1284 2218 1352 2274 ut
1399 2230 1491 2291 ea,
1544 2232 1704 2293 quae
1750 2210 2218 2293 pollicerentur,
2286 2209 2369 2273 ad
2436 2209 2784 2273 Hostilium

392 2298 712 2361 consulem
766 2298 829 2360 in
876 2296 1316 2360 Macedoniam
1365 2296 1790 2382 deportarent.
1861 2297 2093 2378 legatis
2124 2297 2186 2360 in
2227 2296 2514 2378 singulos
2560 2295 2783 2360 binum

390 2382 632 2447 milium
678 2384 845 2447 aeris
891 2403 1157 2447 munera
1202 2384 1413 2449 missa·

337 2500 361 2540 1
600 2488 742 2556 VII.
795 2487 1190 2552 Cretensium
1221 2488 1454 2570 legatis
1502 2489 2139 2553 commemorantibus
2173 2508 2261 2568 se,
2310 2496 2611 2569 quantum
2653 2488 2776 2552 sibi
2812 2507 2864 2547 25

390 2574 769 2657 imperatum
814 2596 853 2638 a
898 2574 967 2637 P.
1020 2575 1262 2638 Licinio
1332 2577 1592 2640 consule
1655 2582 1825 2640 esset
1894 2575 2387 2658 sagittariorum,
2456 2575 2521 2638 in
2568 2576 2781 2639 Mace-

600 2773 644 2820 1.
684 2768 1290 2836 discessisseeaperseo,
1325 2763 1332 2833 Ι
1364 2766 1786 2821 romanoexerci
1810 2767 1832 2828 ΙΙ
1857 2771 1936 2819 tu.
1986 2762 1994 2814 Ι
2037 2769 2086 2819 4.
2135 2765 2362 2819 inamici
2386 2765 2408 2827 ΙΙ
2432 2764 2651 2831 tiam137r.
2688 2782 2782 2818 ro-

388 2854 556 2906 mani.
603 2851 610 2918 Ι
658 2857 706 2907 6.
745 2854 1330 2921 potestatemrecipere
1357 2855 1378 2917 ΙΙ
1403 2859 1512 2920 tur,
1551 2857 1886 2921 potestatem
1934 2852 2250 2906 reciderent
2285 2851 2332 2905 I.
2381 2853 2443 2905 F.
2486 2851 2782 2904 Gronovius

389 2938 744 3007 (potestatem
795 2942 1186 3008 redigerentur
1222 2940 1403 2993 Lamb.
1440 2940 1564 3005 Bos,
1602 2943 1936 3006 potestatem
1985 2939 2415 2992 restituerentur
2450 2936 2778 3003 Douiatius).

393 3027 400 3093 Ι
455 3030 802 3082 committere
846 3031 866 3091 11
909 3031 1495 3099 possumlamsacenos.
1571 3024 1579 3093 Ι
1651 3030 1699 3080 7.
1749 3026 2151 3093 praetoriussu.
2229 3022 2238 3091 Ι
2325 3026 2373 3078 8.
2423 3024 2679 3078 millium.
2761 3024 2770 3092 Ι

390 3132 766 3185 labandenseS.
827 3130 835 3198 Ι
897 3137 944 3186 9.
982 3116 1324 3186 hostiulium.
1370 3129 1376 3198 Ι
1426 3133 1505 3184 11.
1555 3131 2248 3198 simulcarthaginiensium
2295 3129 2489 3197 tritici,
2536 3130 2779 3181 lacunam

393 3220 656 3272 Creverius
685 3222 912 3288 explevit,
939 3222 1027 3272 sed
1056 3220 1226 3287 legati
1258 3229 1376 3270 ante
1403 3217 1946 3285 Carthaginiensium
1978 3218 2156 3270 tritici
2180 3217 2302 3269 odd.
2328 3217 2398 3268 H.
2425 3216 2470 3268 Ι.
2496 3213 2734 3268 Munera
2765 3213 2774 3281 Ι

393 3311 471 3359 13.
507 3306 952 3372 hordeiquinqua
976 3307 996 3368 ΙΙ
1021 3307 1194 3373 ginta,
1231 3324 1364 3358 corr.
1397 3307 1641 3373 Siqonius
1676 3307 1736 3357 cl.
1769 3304 2035 3369 XXXVI,
2072 3303 2126 3369 4,
2164 3302 2219 3356 5.
2251 3303 2260 3366 Ι
2297 3307 2377 3355 14.
2414 3302 2716 3367 officiumq.
2747 3298 2773 3368 ΙΙ

393 3395 468 3447 15.
495 3393 898 3459 promeritispr.
934 3391 941 3458 Ι
977 3395 1056 3445 16.
1081 3392 1710 3460 populisegrecatorum.
1741 3388 1748 3455 Ι
1782 3389 1965 3453 (bonis
1991 3390 2048 3442 in
2073 3391 2242 3444 rebus
2266 3387 2456 3451 (suis)
2480 3387 2777 3453 dubiisque

386 3479 583 3546 populi
617 3479 923 3542 <Romani>
961 3496 1017 3532 se
1054 3483 1354 3545 gratorum,
1390 3480 1511 3531 olim
1549 3480 1679 3531 coni.
1716 3477 1906 3530 Novak
1943 3479 2086 3545 Listy
2109 3471 2193 3544 fil.
2231 3473 2423 3541 1883).
2468 3474 2476 3542 Ι
2521 3478 2602 3528 17.
2639 3473 2777 3528 fide-

388 3565 583 3631 liumq.
610 3567 631 3628 ΙΙ
658 3566 997 3632 sociumque.
1029 3563 1038 3631 Ι
1073 3567 1152 3619 18.
1175 3569 1310 3619 etcc·
1334 3566 1551 3632 equites
1575 3566 1693 3617 XII·
1717 3566 2019 3634 elepantos,
2057 3562 2065 3631 Ι
2097 3569 2175 3619 19.
2196 3580 2477 3632 opusesse.
2510 3562 2518 3628 Ι
2550 3566 2632 3615 20.
2655 3562 2779 3615 ani-

387 3658 697 3720 moetquae,
736 3652 1011 3714 animo<et
1048 3653 1147 3716 ea>
1184 3651 1436 3719 (vel(ea>)
1475 3657 1531 3706 et
1568 3670 1709 3719 quae
1747 3654 1814 3706 H.
1852 3653 1899 3707 I.
1937 3653 2146 3718 Mamer,
2199 3653 2380 3705 animo
2418 3668 2481 3703 ac
2518 3667 2656 3716 quae
2694 3652 2775 3705 ed.

387 3741 513 3793 Bas.
568 3737 759 3792 1531*.
810 3737 818 3806 Ι
867 3740 1157 3807 ipsoultro.
1209 3737 1217 3806 Ι
1265 3742 1350 3793 22.
1405 3739 1732 3807 rogatiquae
1773 3739 1795 3803 ΙΙ
1838 3736 2697 3805 uteaquaeuteaquaepolliceren
2744 3730 2772 3803 ΙΙ

387 3834 493 3884 tur.
533 3827 543 3898 Ι
583 3830 667 3880 23.
704 3827 1042 3900 deportaret.
1076 3826 1084 3893 Ι
1117 3830 1201 3881 26.
1236 3826 1737 3894 a.publiolicinioco
1761 3827 1784 3890 ΙΙ
1810 3828 1943 3879 sule.
