3005 4257
440 182 524 246 62
1045 181 1267 234 LIBER
1303 181 1470 234 XLII.
1512 181 1663 234 CAP.
1702 181 1785 234 50.
1815 179 1886 248 [a.
1925 182 1988 236 U.
2028 198 2075 233 c.
2113 179 2239 247 583]

441 352 863 419 recusandum
893 353 1233 433 videretur,
1264 374 1383 418 nec
1418 354 1959 434 committendum,
2014 362 2082 418 ut
2113 354 2178 418 in
2211 355 2420 418 aleam
2449 353 2611 418 tanti
2645 372 2833 417 casus

385 455 412 492 3
442 461 510 504 88
556 459 949 523 regnumque
998 439 1195 504 daret.
1267 440 1320 504 si
1365 441 1687 524 possessio
1733 439 1907 505 haud
1952 441 2256 523 ambigua
2298 441 2481 523 regni
2528 447 2835 519 maneret,

440 528 638 591 multa
683 525 852 590 diem
896 534 1276 611 tempusque
1323 526 1572 591 adferre
1633 547 1843 611 posse,
1915 528 2142 610 quibus
2188 547 2315 591 non
2362 528 2599 592 amissa
2644 527 2836 590 modo

439 614 811 697 reciperare,
860 612 977 677 sed
1020 613 1337 678 timendus
1369 615 1533 677 ultro
1565 613 1643 678 iis
1676 634 1837 695 esse,
1886 632 2045 694 quos
2077 634 2246 680 nunc
2274 614 2545 693 timeret,
2591 622 2836 697 posset.

384 715 413 751 4
440 707 718 764 ceterum
777 701 974 763 multo
1033 701 1235 764 maior
1290 720 1440 785 pars
1501 701 1827 766 ferocioris
1890 702 2242 766 sententiae
2304 708 2455 766 erat.
2520 699 2838 785 quidquid
2863 718 2886 756 ⁵

440 787 755 867 cessisset,
804 805 949 851 cum
994 806 1070 850 eo
1117 787 1307 852 simul
1350 807 1549 869 regno
1593 788 1877 872 protinus
1925 788 2282 853 cedendum
2328 808 2492 868 esse,
2545 786 2837 852 adfirma-

385 887 411 926 5
437 874 607 938 bant.
668 893 875 954 neque
937 874 1106 938 enim
1164 875 1484 938 Romanos
1545 875 1819 958 pecunia
1879 881 1990 939 aut
2048 895 2206 957 agro
2268 896 2479 957 egere,
2553 875 2668 938 sed
2715 872 2837 938 hoc

439 960 619 1040 scire,
690 980 836 1025 cum
882 960 1093 1024 omnia
1137 960 1435 1041 humana,
1504 968 1640 1025 tum
1699 961 1977 1026 maxima
2037 982 2328 1044 quaeque
2389 969 2451 1026 et
2510 982 2715 1043 regna
2777 968 2839 1024 et

385 1062 410 1100 6
438 1047 705 1131 imperia
750 1047 868 1111 sub
916 1047 1168 1111 casibus
1214 1048 1429 1111 multis
1477 1067 1637 1112 esse.
1703 1047 2323 1131 Carthaginiensium
2373 1068 2527 1133 opes
2560 1047 2836 1148 fregisse

441 1152 602 1213 sese,
651 1140 715 1197 et
761 1133 1111 1198 cervicibus
1175 1155 1392 1198 eorum
1451 1140 1930 1234 praepotentem
1990 1135 2323 1199 finitimum
2382 1156 2601 1217 regem
2661 1135 2835 1218 inpo-
2863 1153 2908 1190 10

439 1219 674 1303 suisse3
732 1219 1114 1284 Antiochum
1144 1222 1641 1304 progeniemque
1689 1222 1824 1287 eius
1870 1223 2037 1286 ultra
2081 1222 2235 1304 iuga
2278 1222 2470 1286 Tauri
2517 1228 2830 1302 emotum3

385 1323 408 1361 '1
438 1326 633 1370 unum
679 1326 820 1370 esse
867 1305 1283 1371 Macedoniae
1328 1328 1616 1389 regnum,
1673 1315 1737 1372 et
1782 1310 2042 1391 regione
2088 1309 2482 1409 propincum,
2531 1315 2595 1373 et
2641 1307 2834 1391 quod,

440 1392 639 1458 sicubi
669 1394 907 1477 populo
937 1394 1223 1458 Romano
1257 1414 1371 1458 sua
1402 1394 1653 1459 fortuna
1698 1396 1889 1476 labet,
1944 1395 2236 1497 antiquos
2283 1396 2527 1460 animos
2571 1394 2836 1477 regibus

385 1494 410 1534 8
440 1479 568 1544 suis
614 1479 909 1544 videatur
951 1499 1143 1564 posse
1190 1481 1420 1545 facere.
1470 1481 1622 1544 dum
1666 1482 1954 1565 integrae
1999 1504 2101 1546 res
2146 1484 2295 1564 sint,
2342 1493 2617 1546 statuere
2663 1481 2839 1566 apud

438 1567 716 1630 animum
761 1585 946 1631 suum
990 1567 1228 1631 Persea
1273 1567 1526 1648 debere,
1580 1575 1787 1632 utrum
1819 1569 2071 1651 singula
2103 1569 2510 1634 concedendo
2557 1568 2835 1633 nudatus
2863 1587 2909 1624 15

438 1652 522 1716 ad
589 1660 942 1717 extremum
1003 1654 1230 1738 opibus
1291 1655 1684 1737 extorrisque
1744 1676 1943 1737 regno
1992 1654 2497 1721 Samothraciam
2557 1656 2835 1719 aliamve

439 1758 630 1840 quam
673 1740 947 1805 insulam
991 1748 1208 1825 petere
1256 1742 1337 1805 ab
1382 1741 1703 1822 Romanis,
1765 1743 1872 1807 ubi
1933 1743 2217 1826 privatus
2267 1751 2585 1827 superstes
2633 1760 2835 1825 regno

383 1836 408 1873 9
439 1845 553 1890 8110
598 1827 662 1889 in
711 1834 1076 1911 contemptu
1121 1835 1312 1909 atque
1381 1828 1599 1912 inopia
1645 1836 2079 1910 consenescat,
2150 1830 2346 1909 malit,
2409 1851 2492 1894 an
2550 1836 2837 1893 armatus

437 1911 674 1977 vindex
719 1913 1008 1978 fortunae
1038 1914 1494 1997 dignitatisque
1529 1934 1702 1995 suae,
1758 1923 1886 1996 aut,
1934 1926 2007 1979 ut
2050 1917 2187 1981 viro
2235 1916 2380 1982 forti
2427 1916 2696 1999 dignum
2734 1915 2834 1994 sit,

438 1999 733 2084 patiatur,
783 2000 1225 2101 quodcumque
1274 2020 1459 2066 casus
1505 2001 1657 2065 belli
1689 1968 1936 2083 tulerit,
1984 2011 2092 2067 aut
2122 2004 2325 2069 victor
2355 2004 2581 2068 liberet
2612 2003 2835 2067 orbem
2864 2025 2908 2061 20

361 2098 410 2137 10
438 2093 748 2151 terrarum
807 2088 888 2152 ab
946 2088 1211 2173 imperio
1271 2089 1574 2154 Romano,
1645 2109 1772 2154 non
1832 2109 1973 2155 esse
2033 2089 2466 2156 admirabilius
2511 2090 2837 2154 Romanos

441 2172 711 2238 Graecia
754 2174 930 2258 pelli,
979 2196 1170 2275 quam
1214 2175 1643 2240 Hannibalem
1688 2178 1879 2241 Italia
1922 2177 2175 2262 pulsum
2222 2198 2381 2242 esse.
2443 2198 2652 2260 neque
2700 2177 2838 2242 her-

438 2260 577 2325 cule
623 2260 860 2341 videre,
910 2262 1018 2343 qui
1065 2262 1417 2342 conveniat,
1474 2263 1654 2326 fratri
1700 2263 2050 2328 adfectanti
2093 2286 2211 2349 per
2238 2264 2532 2329 iniuriam
2563 2285 2838 2347 regnum

360 2359 409 2396 11
439 2366 688 2411 summa
730 2347 794 2411 vi
839 2348 1165 2428 restitisse,
1215 2348 1592 2431 alienigenis
1637 2350 1800 2414 bene
1847 2359 2027 2435 parto
2077 2371 2153 2416 eo
2201 2352 2444 2417 cedere.
2507 2359 2831 2436 postremo
2975 2349 2978 2448 Ι

648 2508 694 2557 1.
749 2504 1143 2559 utinaliatanti.
1194 2504 1202 2571 Ι
1251 2510 1299 2559 2.
1339 2507 2005 2574 sipossessiautambigua.
2067 2507 2077 2575 Ι
2123 2511 2174 2563 4.
2223 2511 2511 2565 ultroisset
2538 2508 2556 2576 ΙΙ
2589 2511 2781 2577 quos*.
2824 2509 2833 2579 Ι

437 2594 486 2644 ’7.
524 2588 1079 2658 agrosegeresllsed*.
1112 2589 1121 2657 Ι
1152 2596 1202 2647 8.
1223 2593 1448 2676 humma
1465 2592 1481 2661 ΙΙ
1500 2594 1623 2647 na*.
1675 2592 1684 2660 Ι
1732 2594 2020 2649 maxime*
2078 2594 2089 2661 Ι
2149 2599 2198 2649 9.
2249 2596 2567 2661 sub<iecta>
2617 2598 2837 2653 casibus

436 2695 566 2746 coni.
617 2693 974 2748 Weissenborn
1010 2698 1065 2748 in
1101 2699 1179 2749 ed.
1222 2698 1412 2751 Teubn.
1447 2718 1502 2767 p.
1541 2700 1700 2765 XIV,
1749 2703 1841 2752 sed
1885 2701 1957 2770 ef.
2014 2701 2236 2771 Madviq
2284 2702 2404 2754 Em.
2453 2703 2518 2755 L.
2548 2721 2606 2772 Ρ.
2647 2702 2784 2758 650.
2827 2701 2833 2768 Ι

442 2784 522 2833 10.
560 2798 678 2834 8888
715 2784 810 2834 del.
853 2779 1074 2835 Cre'vier.
1107 2782 1116 2849 Ι
1161 2784 1433 2852 8811118118,
1471 2788 1545 2856 cs.
1587 2787 1862 2839 Gitlbauer
1890 2805 1947 2855 p.
1988 2785 2081 2840 66.
2114 2785 2124 2853 Ι
2158 2792 2240 2841 11.
2276 2789 2593 2843 Antiocum.
2626 2788 2635 2856 Ι
2667 2792 2836 2860 iugali

438 2867 602 2920 turi*.
663 2865 672 2932 Ι
733 2869 1036 2922 ermotum*
1090 2867 1388 2935 (remotum
1443 2875 1521 2925 ed.
1593 2874 1724 2926 Bas,
1781 2871 1971 2941 1531),
2024 2892 2162 2928 corr.
2217 2878 2264 2929 I.
2322 2878 2384 2929 F.
2456 2878 2771 2933 Gronovius.
2826 2877 2834 2946 Ι

441 2955 522 3006 12.
540 2953 949 3010 Macaedoniae.
983 2953 991 3022 Ι
1023 2957 1326 3026 regionem.
1358 2957 1368 3024 Ι
1399 2959 1734 3028 propincum
1771 2965 1829 3013 et
1863 2961 2248 3030 <praeclarum
2266 2964 2469 3033 bello),
2519 2966 2670 3033 quod
2703 2971 2838 3020 coni.

440 3038 632 3093 Hartel
666 3044 856 3109 ephem.
893 3043 1072 3096 Austr.
1112 3042 1264 3098 1866
1294 3063 1352 3113 Ρ.
1392 3044 1438 3098 7.
1472 3044 1481 3111 Ι
1516 3047 2059 3115 etquodquiasictibi,
2099 3053 2154 3103 et
2181 3051 2347 3118 quod,
2385 3051 2564 3105 sicubi
2589 3055 2665 3106 ed.
2704 3054 2835 3106 Bas.

439 3124 604 3192 1531,
641 3129 713 3197 cf.
762 3129 958 3181 Vahlen
993 3132 1183 3198 ephem.
1221 3131 1401 3184 Austr.
1440 3131 1589 3186 1861
1617 3152 1675 3202 Ρ.
1712 3133 1831 3187 251
1879 3134 1957 3202 (81
2007 3136 2155 3203 quod
2202 3137 2418 3206 opibus,
2467 3138 2647 3192 sicubi
2693 3158 2834 3211 susp.

438 3213 659 3283 Madviy
695 3216 815 3267 Em.
853 3217 916 3268 L.
948 3236 1005 3287 Ρ.
1043 3217 1191 3284 65θ,·
1237 3223 1292 3273 81
1331 3221 1479 3287 quod
1517 3239 1614 3274 sua
1651 3222 1707 3275 vi
1749 3220 1848 3288 [vel
1882 3221 2089 3291 facileJ,
2142 3225 2318 3278 sicubi
2367 3227 2744 3296 Weissenborn,
2781 3234 2837 3282 et

441 3301 592 3367 quod
641 3303 885 3370 quidem,
934 3305 1112 3359 sicubi
1149 3306 1360 3360 Harant
1389 3326 1446 3377 Ρ.
1484 3306 1651 3373 250).
1685 3308 1694 3375 Ι
1730 3312 1810 3363 14.
1865 3310 2179 3365 uidebatur.
2234 3311 2243 3377 Ι
2285 3330 2376 3367 188
2424 3313 2540 3367 sint
2587 3318 2835 3370 statuere

438 3390 560 3441 add.
594 3389 989 3457 Drakenborch,
1027 3392 1279 3461 Kreyssiy
1327 3412 1388 3446 ecc
1422 3412 1521 3447 usu
1555 3396 1669 3449 Liv.
1722 3395 1822 3466 (cf.
1860 3397 2067 3467 Fiiqner
2103 3398 2229 3452 Lex.
2261 3418 2320 3469 Ρ.
2362 3398 2554 3465 1128).
2587 3399 2596 3467 Ι
2629 3407 2783 3470 aput.
2825 3401 2833 3470 Ι

443 3476 523 3527 15.
538 3476 922 3532 animumsum.
943 3473 950 3545 Ι
972 3482 1054 3532 16.
1077 3478 1489 3534 Samotraciam.
1512 3478 1518 3549 Ι
1542 3487 1621 3536 17.
1643 3483 1893 3552 privatus
1908 3487 2004 3537 del.
2034 3484 2186 3538 Cobet
2212 3485 2405 3542 Mnem.
2436 3486 2593 3541 1881.
2615 3485 2622 3556 Ι
2644 3506 2837 3557 super·

439 3563 541 3614 tes.
572 3558 583 3627 Ι
617 3563 696 3614 18.
736 3566 1201 3633 contentuadque.
1235 3564 1243 3633 Ι
1276 3570 2163 3638 consenescatmilitariaarmatus‚
2201 3590 2338 3628 corr.
2364 3576 2440 3626 ed.
2466 3575 2597 3628 Bas.
2624 3574 2793 3630 1531.
2822 3574 2831 3644 Ι

441 3648 522 3700 19.
561 3647 1009 3717 dignitatisquae.
1042 3648 1051 3716 Ι
1083 3652 1302 3707 autuiro
1343 3650 1444 3719 (ita
1479 3659 1544 3707 ut
1566 3655 1691 3711 viro
1718 3659 1794 3709 ed.
1826 3657 1956 3710 Bas.
1981 3655 2172 3726 1531),
2212 3663 2306 3712 aut
2332 3659 2463 3724 <ut>
2486 3661 2609 3715 viro
2637 3663 2836 3734 Kreys-

437 3735 533 3803 εἰς,
581 3738 645 3787 111
681 3735 800 3789 viro
834 3736 1059 3791 Bekker.
1092 3738 1101 3803 Ι
1133 3742 1217 3792 20.
1265 3738 1979 3820 11118181101118111181ΙΙ111111,
2027 3745 2101 3814 cf.
2155 3745 2431 3799 G'itlbauer
2473 3766 2528 3816 Ρ.
2578 3747 2673 3802 66.
2706 3749 2717 3815 Ι
2750 3754 2834 3805 24.

440 3839 764 3894 restituisse.
