3005 4257
374 171 460 236 52
948 171 1168 226 LIBER
1205 172 1371 226 XLII.
1409 173 1563 226 CAP.
1600 174 1684 223 42.
1720 173 1804 223 43.
1843 169 1911 236 [a.
1950 171 2013 226 U.
2052 188 2097 224 c.
2133 168 2258 236 583]

371 350 606 422 vestm,
674 342 781 407 ubi
825 343 1074 424 aliquos
1122 361 1245 426 ego
1290 342 1751 427 disceptatores
1795 356 1921 407 non
1966 351 2098 406 tam
2143 363 2379 424 aequos
2428 365 2618 426 quam
2677 352 2762 422 te,

315 451 340 488 5
373 427 448 503 Q.
497 429 714 510 Marci,
762 437 1096 513 paternum
1141 429 1412 495 amicum
1460 436 1524 494 et
1567 429 1900 512 hospitem,
1950 429 2284 494 habebam.
2331 429 2448 495 sed
2480 431 2763 496 nondum

366 517 630 581 Romam
657 523 988 582 accusator
1006 516 1335 581 Eumenes
1367 523 1647 596 venerat,
1698 516 1806 597 qui
1837 515 2280 581 calumniando
2312 517 2526 582 omnia
2557 518 2763 583 detor-

366 602 746 686 quendoque
792 610 1090 687 suspecta
1135 611 1199 667 et
1242 602 1449 667 invisa
1494 602 1776 668 efficeret
1820 609 1884 667 et
1928 602 2313 686 persuadere
2365 603 2545 668 vobis
2577 625 2763 669 cona-

364 696 551 769 retur,
621 709 748 754 non
792 709 982 774 posse
1030 689 1363 755 Graeciam
1422 690 1487 753 in
1546 688 1838 754 libertate
1899 709 2041 753 esse
2103 696 2167 753 et
2227 697 2439 755 vestro
2499 712 2759 756 munere
2790 709 2815 747 ⁵

366 776 504 856 frui,
555 776 766 859 quoad
811 796 1080 858 regnum
1111 776 1527 842 Macedoniae
1573 776 1885 840 incolume
1932 783 2116 840 esset.
2168 776 2633 859 circumagetur
2655 777 2762 844 hic

314 885 338 920 e
367 862 564 946 orbis3
628 863 747 927 erit
806 883 972 944 mox,
1039 862 1147 945 qui
1207 870 1453 946 arguat,
1516 862 1903 945 nequiquam
1947 862 2330 928 Antiochum
2397 864 2561 928 ultra
2606 864 2763 948 iuga

366 949 560 1013 Tauri
606 957 914 1032 emotum3
975 950 1339 1032 graviorem
1383 950 1580 1014 multo
1626 949 1841 1026 Asiae,
1903 969 2094 1031 quam
2138 949 2487 1014 Antiochus
2548 950 2758 1029 fuerit,

367 1037 695 1101 Eumenen
763 1055 939 1117 esse;
1009 1035 1457 1120 conquiescere
1519 1035 1723 1101 socios
1783 1043 2026 1101 vestros
2087 1055 2216 1099 non
2274 1056 2483 1120 posse,
2549 1037 2761 1118 quoad

367 1122 548 1205 regia
577 1121 873 1205 Pergami
904 1122 1018 1205 sit;
1068 1143 1211 1187 eam
1256 1143 1467 1187 arcem
1514 1143 1706 1207 supra
1736 1122 1949 1206 capita
1978 1121 2379 1186 finitimarum
2411 1123 2761 1189 civitatium
2790 1144 2838 1182 10

314 1230 336 1266 τ
366 1209 746 1292 impositam.
819 1229 942 1292 ego
1002 1208 1182 1294 haec,
1244 1208 1318 1285 Q.
1379 1209 1579 1274 Marci
1640 1215 1703 1273 et
1747 1208 1823 1273 A.
1874 1208 2047 1290 Atili,
2114 1229 2277 1291 quae
2336 1217 2446 1273 aut
2490 1231 2531 1273 a
2575 1211 2759 1276 vobis

367 1295 613 1361 obiecta
686 1304 796 1360 aut
869 1303 1142 1380 purgata
1215 1317 1255 1360 a
1328 1317 1429 1360 me
1507 1303 1669 1375 sunt,
1745 1295 1899 1359 talia
1972 1315 2114 1360 esse
2190 1296 2338 1376 scic,
2415 1303 2484 1360 ut
2551 1317 2757 1380 aures,

364 1389 433 1446 ut
477 1382 671 1447 animi
716 1380 1107 1448 audientium
1166 1381 1309 1463 sint,
1372 1403 1492 1447 nec
1551 1390 1682 1446 tam
1748 1381 2003 1462 referre,
2067 1381 2219 1464 quid
2278 1402 2402 1465 ego
2462 1391 2570 1448 aut
2633 1404 2762 1466 qua

311 1489 338 1527 s
364 1476 573 1533 mente
634 1468 914 1551 fecerim,
978 1488 1187 1550 quam,
1250 1468 1565 1550 quomodo
1631 1467 1700 1532 id
1744 1487 1860 1533 vos
1907 1469 2144 1532 factum
2203 1469 2550 1552 accipiatis.
2615 1491 2759 1535 con-

364 1555 531 1620 scius
578 1555 731 1619 mihi
777 1575 933 1635 sum,
981 1555 1140 1619 nihil
1170 1576 1272 1620 me
1305 1555 1612 1620 scientem
1658 1554 2019 1638 deliquisse,
2071 1562 2148 1635 et,
2198 1555 2252 1620 si
2299 1555 2452 1636 quid
2497 1556 2762 1623 fecerim
2789 1577 2838 1613 1⁵

362 1641 764 1726 inprudentia
792 1641 1031 1726 lapsus,
1089 1641 1320 1724 corrigi
1351 1662 1452 1706 me
1484 1649 1549 1706 et
1580 1640 1905 1706 emendari
1936 1641 2355 1724 castigatione
2387 1642 2508 1707 hac
2539 1664 2752 1727 posse.

311 1751 336 1788 9
361 1728 521 1793 nihil
565 1736 734 1794 certe
793 1728 1166 1809 insanabile,
1230 1749 1368 1806 nec,
1430 1727 1602 1810 quod
1660 1728 1828 1793 bello
1876 1735 1940 1792 et
1985 1728 2176 1793 armis
2243 1729 2755 1812 persequendum

364 1834 505 1880 esse
567 1814 899 1897 censeatiS,
987 1815 1306 1896 commisi;
1382 1823 1493 1880 aut
1552 1815 1784 1880 frustra
1844 1814 2218 1880 clementiae
2293 1816 2756 1900 gravitatisque

361 1909 611 1967 vestrae
657 1902 830 1966 fama
872 1903 1135 1985 volgata
1178 1922 1293 1986 per
1337 1909 1564 1984 gentes
1611 1909 1724 1982 est,
1788 1901 1842 1966 si
1887 1901 2118 1966 talibus
2166 1900 2246 1966 de
2293 1903 2520 1983 causiS,
2585 1924 2751 1987 quae

360 1988 469 2052 vix
513 1988 797 2071 querella
844 1996 907 2052 et
952 1989 1459 2072 expostulatione
1507 1988 1741 2071 dignae
1789 1995 1949 2067 sunt,
1985 2009 2161 2052 arma
2206 1988 2432 2073 capitis
2479 1996 2543 2053 et
2583 1991 2751 2074 regi·
2782 2009 2832 2048 20

361 2076 478 2141 bus
527 2075 713 2141 sociis
758 2075 931 2141 bella
974 2075 1281 2141 infertiS.“

308 2202 329 2236 1
567 2179 806 2244 XLIII.
858 2180 1038 2245 Haec
1083 2179 1317 2244 dicenti
1348 2180 1407 2244 ei
1439 2200 1582 2244 cum
1612 2179 1954 2244 adsensum
1985 2187 2174 2258 esset,
2221 2180 2494 2245 Marcius
2525 2189 2748 2247 auctor

362 2266 480 2330 fuit
524 2265 813 2330 mittendi
844 2267 1111 2330 Romam
1154 2267 1435 2349 legatos;
1482 2286 1627 2332 cum
1671 2265 2058 2349 experienda
2104 2266 2315 2330 omnia
2346 2266 2431 2330 ad
2461 2267 2751 2332 ultimum

359 2374 477 2417 nec
524 2352 1148 2436 praetermittendam
1193 2372 1373 2436 spem
1418 2353 1612 2417 ullam
1637 2353 1986 2418 censuisset
2029 2375 2165 2431 reoe,
2211 2352 2459 2434 reliqua
2504 2356 2750 2420 consul-

570 2516 613 2564 1.
639 2512 997 2579 tequemarci.
1030 2509 1039 2577 Ι
1072 2514 1120 2564 3.
1149 2510 2439 2580 calumniainomniaretorquendoquesuscepta.
2473 2508 2481 2577 Ι
2514 2515 2563 2564 5.
2583 2511 2753 2565 liber-

356 2600 516 2678 taste.
549 2595 558 2663 Ι
590 2600 638 2650 6.
680 2615 1042 2665 quoregnum.
1075 2596 1084 2664 Ι
1116 2598 1576 2652 incolumesesset
1612 2597 1822 2662 (deinde
1852 2601 2039 2651 lacuna
2077 2597 2114 2650 6
2149 2599 2244 2649 litt.
2282 2600 2338 2651 in
2357 2598 2475 2665 fine
2510 2599 2699 2665 vers.)*
2739 2596 2748 2667 Ι

355 2701 647 2756 hisorbis*.
681 2699 692 2767 Ι
723 2705 770 2754 7.
809 2702 1200 2770 nequidquam,
1255 2703 1327 2772 cf.
1369 2702 1598 2771 G'eoryes
1647 2703 1839 2772 Wortf.
1892 2721 1944 2771 p.
2001 2701 2128 2754 451.
2178 2700 2187 2768 Ι
2233 2701 2752 2755 Anthiocumultra-

353 2788 854 2855 legatanremotum
909 2786 1175 2854 (emotum
1211 2788 1258 2840 I.
1296 2789 1357 2840 F.
1400 2788 1739 2854 Gronovius).
1770 2786 1781 2852 Ι
1813 2791 1862 2841 8.
1886 2787 2750 2856 grauioremultoasiaequequam

355 2874 798 2942 (gravioremque
833 2876 1013 2928 multo
1031 2875 1197 2929 Asiae
1219 2891 1383 2942 quam
1421 2874 1654 2939 Hertz)*.
1709 2873 1718 2941 Ι
1771 2875 2055 2930 Antiocus.
2111 2873 2120 2941 Ι
2174 2878 2221 2928 9.
2242 2876 2751 2930 Eumenenecesse-

355 2979 461 3016 con
475 2959 491 3026 ΙΙ
506 2961 1505 3029 quiesceresociosuestrosnonposse*
1525 2962 1855 3027 (Eumenem
1868 2978 2006 3025 esse,
2038 2978 2141 3014 nec
2162 2961 2553 3028 conquiescere
2567 2964 2749 3017 socios

352 3052 569 3103 vestros
602 3064 765 3115 posse
812 3052 889 3102 ed.
926 3050 1053 3100 Bas.
1092 3046 1281 3114 1531),
1329 3050 1402 3118 qf.
1448 3050 1644 3101 Vahlen
1690 3050 1882 3118 ephem.
1919 3049 2097 3100 Austr.
2135 3048 2281 3101 1861
2324 3066 2380 3116 p.
2419 3047 2554 3101 258.
2605 3048 2614 3113 Ι
2666 3052 2748 3103 10.

352 3135 607 3203 Pergami
647 3133 768 3200 (litt.
818 3153 848 3187 r
894 3153 1008 3204 sup.
1047 3135 1214 3201 lin.*).
1264 3133 1273 3201 Ι
1327 3139 1405 3188 11.
1445 3134 2115 3202 haecquaem·eta·atili.
2166 3135 2174 3200 Ι
2227 3138 2306 3188 14.
2351 3135 2691 3203 accipiathis.
2735 3134 2745 3204 Ι

356 3226 435 3276 15.
457 3221 837 3303 edeliquisse*.
872 3219 881 3287 Ι
934 3224 1012 3275 17.
1052 3221 1292 3289 nequod.
1325 3219 1334 3288 Ι
1369 3223 1448 3274 18.
1486 3221 1940 3289 grauitatisquae.
1975 3218 1984 3288 Ι
2028 3225 2113 3276 20.
2155 3222 2745 3290 quaerellaetpostula-

350 3327 688 3394 tionedigna.
719 3323 731 3393 Ι
761 3329 846 3379 22.
876 3325 2747 3381 etdicentemetcumadsensummarciusauctorfuitmittendiromam-

350 3413 2477 3482 legatiessentcumexperiendaomniaadultimumnecpraetermittendumspe*
2500 3410 2517 3479 ΙΙ
2547 3414 2747 3466 ullam-

352 3499 945 3566 censuissentreliqua*
970 3497 1127 3565 (haec
1154 3498 1363 3552 dicenti
1385 3504 1508 3552 tum
1532 3500 1797 3554 adsensus
1833 3499 2075 3552 Marcius
2113 3503 2308 3552 auctor
2344 3498 2451 3552 fuit
2484 3498 2748 3552 mittendi

351 3587 582 3641 Romam
631 3585 818 3653 legati,
874 3602 999 3639 cum
1049 3585 1386 3653 experienda
1415 3626 1846 3640 .......
1876 3585 2209 3652 censuisset3
2245 3585 2462 3652 reliqua
2496 3588 2574 3638 ed.
2611 3586 2744 3639 Bas.

352 3671 539 3740 1531),
593 3675 728 3727 haec
767 3673 974 3727 dicenti
1023 3672 1073 3727 ei
1110 3691 1239 3726 cum
1276 3674 1573 3726 adsensum
1611 3677 1770 3739 esset,
1824 3672 2067 3726 Marcius
2104 3677 2298 3726 auctor
2342 3672 2450 3725 fuit
2483 3672 2748 3726 mittendi

351 3761 585 3815 Romam
638 3761 882 3827 legat0s;
939 3777 1068 3813 cum
1122 3759 1458 3826 experienda
1497 3798 1930 3813 .......
1972 3757 2469 3825 censuisset<rex>,
2523 3758 2746 3826 reliqua

352 3848 562 3900 Harant
595 3866 650 3915 p.
688 3845 835 3900 246⁶*
872 3845 1445 3914 (praetermittendam
1480 3847 1589 3898 iam
1629 3846 1822 3898 Gruter
1857 3863 1990 3898 corr.
2029 3855 2074 3898 et
2105 3862 2275 3898 omnes
2299 3863 2397 3897 rec.
2421 3846 2500 3896 ed.
2529 3844 2742 3915 recep),
