<?xml version="1.0" encoding="UTF-8"?>
<!DOCTYPE html PUBLIC "-//W3C//DTD XHTML 1.0 Transitional//EN"
    "http://www.w3.org/TR/xhtml1/DTD/xhtml1-transitional.dtd">
<html xmlns="http://www.w3.org/1999/xhtml" xml:lang="en" lang="en">
 <head>
  <title>
</title>
<meta http-equiv="Content-Type" content="text/html;charset=utf-8" />
  <meta name='ocr-system' content='tesseract 3.04.00' />
  <meta name='ocr-capabilities' content='ocr_page ocr_carea ocr_par ocr_line ocrx_word'/>
</head>
<body>
  <div class='ocr_page' id='page_1' title='image "./tliviaburbecond01zinggoog_0037.png"; bbox 0 0 3005 4257; ppageno 0'>
   <div class='ocr_carea' id='block_1_1' title="bbox 697 238 2595 306">
    <p class='ocr_par' dir='ltr' id='par_1_1' title="bbox 697 238 2595 306">
     <span class='ocr_line' id='line_1_1' title="bbox 697 238 2595 306; baseline 0.005 -13"><span class='ocrx_word' id='word_1_1' title='bbox 697 239 918 295; x_wconf 86' lang='lat' dir='ltr'>LIBER</span> <span class='ocrx_word' id='word_1_2' title='bbox 952 240 1117 294; x_wconf 90' lang='lat' dir='ltr'>XLII.</span> <span class='ocrx_word' id='word_1_3' title='bbox 1159 241 1308 295; x_wconf 88' lang='lat' dir='ltr'><strong>CAP.</strong></span> <span class='ocrx_word' id='word_1_4' title='bbox 1351 244 1430 294; x_wconf 85' lang='lat'><strong>15.</strong></span> <span class='ocrx_word' id='word_1_5' title='bbox 1472 243 1554 295; x_wconf 87' lang='lat'><strong>16.</strong></span> <span class='ocrx_word' id='word_1_6' title='bbox 1597 238 1667 306; x_wconf 80' lang='lat' dir='ltr'><strong>[a.</strong></span> <span class='ocrx_word' id='word_1_7' title='bbox 1706 241 1773 296; x_wconf 91' lang='lat' dir='ltr'><strong>U.</strong></span> <span class='ocrx_word' id='word_1_8' title='bbox 1813 257 1859 294; x_wconf 87' lang='lat' dir='ltr'><strong>c.</strong></span> <span class='ocrx_word' id='word_1_9' title='bbox 1898 238 2022 306; x_wconf 76' lang='lat'>582]</span> <span class='ocrx_word' id='word_1_10' title='bbox 2516 242 2595 304; x_wconf 86' lang='lat'><strong>19</strong></span> 
     </span>
    </p>
   </div>
   <div class='ocr_carea' id='block_1_2' title="bbox 122 409 2672 1625">
    <p class='ocr_par' dir='ltr' id='par_1_2' title="bbox 122 409 2672 1625">
     <span class='ocr_line' id='line_1_2' title="bbox 199 409 2595 497; baseline 0.001 -24"><span class='ocrx_word' id='word_1_11' title='bbox 199 409 463 491; x_wconf 84' lang='lat' dir='ltr'>quentia</span> <span class='ocrx_word' id='word_1_12' title='bbox 508 409 816 475; x_wconf 91' lang='lat' dir='ltr'><strong>aedificiis</strong></span> <span class='ocrx_word' id='word_1_13' title='bbox 863 412 1023 492; x_wconf 88' lang='lat' dir='ltr'><strong>loca,</strong></span> <span class='ocrx_word' id='word_1_14' title='bbox 1073 412 1353 477; x_wconf 89' lang='lat' dir='ltr'><strong>maceria</strong></span> <span class='ocrx_word' id='word_1_15' title='bbox 1383 419 1523 477; x_wconf 86' lang='lat' dir='ltr'><strong>erat</strong></span> <span class='ocrx_word' id='word_1_16' title='bbox 1552 412 1635 477; x_wconf 91' lang='lat' dir='ltr'><strong>ab</strong></span> <span class='ocrx_word' id='word_1_17' title='bbox 1666 411 1853 477; x_wconf 85' lang='lat' dir='ltr'><strong>laeva</strong></span> <span class='ocrx_word' id='word_1_18' title='bbox 1882 411 1968 476; x_wconf 90' lang='lat' dir='ltr'><strong>ad</strong></span> <span class='ocrx_word' id='word_1_19' title='bbox 1998 413 2290 477; x_wconf 76' lang='lat' dir='ltr'><strong>semitam</strong></span> <span class='ocrx_word' id='word_1_20' title='bbox 2336 413 2595 497; x_wconf 90' lang='lat' dir='ltr'><strong>paulum</strong></span> 
     </span>
     <span class='ocr_line' id='line_1_3' title="bbox 200 497 2593 583; baseline 0.002 -24"><span class='ocrx_word' id='word_1_21' title='bbox 200 503 526 561; x_wconf 82' lang='lat' dir='ltr'><strong>extantem</strong></span> <span class='ocrx_word' id='word_1_22' title='bbox 571 518 612 560; x_wconf 90' lang='lat' dir='ltr'><strong>a</strong></span> <span class='ocrx_word' id='word_1_23' title='bbox 656 497 1085 579; x_wconf 88' lang='lat' dir='ltr'><strong>fundamento,</strong></span> <span class='ocrx_word' id='word_1_24' title='bbox 1135 519 1263 581; x_wconf 92' lang='lat' dir='ltr'><strong>qua</strong></span> <span class='ocrx_word' id='word_1_25' title='bbox 1308 499 1544 581; x_wconf 78' lang='lat' dir='ltr'>singuli</span> <span class='ocrx_word' id='word_1_26' title='bbox 1586 498 1959 583; x_wconf 80' lang='lat' dir='ltr'><strong>transirent3</strong></span> <span class='ocrx_word' id='word_1_27' title='bbox 2011 499 2236 564; x_wconf 87' lang='lat' dir='ltr'><strong>dextra</strong></span> <span class='ocrx_word' id='word_1_28' title='bbox 2265 520 2415 583; x_wconf 90' lang='lat' dir='ltr'><strong>pars</strong></span> <span class='ocrx_word' id='word_1_29' title='bbox 2448 499 2593 564; x_wconf 89' lang='lat' dir='ltr'><strong>labe</strong></span> 
     </span>
     <span class='ocr_line' id='line_1_4' title="bbox 199 584 2646 670; baseline 0.002 -24"><span class='ocrx_word' id='word_1_30' title='bbox 199 588 411 648; x_wconf 90' lang='lat' dir='ltr'><strong>terrae</strong></span> <span class='ocrx_word' id='word_1_31' title='bbox 458 584 525 648; x_wconf 90' lang='lat' dir='ltr'><strong>in</strong></span> <span class='ocrx_word' id='word_1_32' title='bbox 569 584 960 667; x_wconf 92' lang='lat' dir='ltr'><strong>aliquantum</strong></span> <span class='ocrx_word' id='word_1_33' title='bbox 1005 586 1357 651; x_wconf 78' lang='lat' dir='ltr'><strong>altitudinis</strong></span> <span class='ocrx_word' id='word_1_34' title='bbox 1403 585 1673 670; x_wconf 86' lang='lat' dir='ltr'><strong>derupta</strong></span> <span class='ocrx_word' id='word_1_35' title='bbox 1718 594 1873 650; x_wconf 90' lang='lat' dir='ltr'><strong>erat.</strong></span> <span class='ocrx_word' id='word_1_36' title='bbox 1945 593 2091 670; x_wconf 90' lang='lat' dir='ltr'><strong>post</strong></span> <span class='ocrx_word' id='word_1_37' title='bbox 2135 587 2479 650; x_wconf 90' lang='lat' dir='ltr'><strong>maceriam</strong></span> <span class='ocrx_word' id='word_1_38' title='bbox 2524 606 2593 651; x_wconf 88' lang='lat' dir='ltr'><strong>se</strong></span> <span class='ocrx_word' id='word_1_39' title='bbox 2621 604 2646 643; x_wconf 77' lang='lat'>⁶</span> 
     </span>
     <span class='ocr_line' id='line_1_5' title="bbox 201 669 2594 754; baseline 0.002 -21"><span class='ocrx_word' id='word_1_40' title='bbox 201 669 588 735; x_wconf 80' lang='lat' dir='ltr'><strong>abdiderunt</strong></span> <span class='ocrx_word' id='word_1_41' title='bbox 633 672 942 754; x_wconf 86' lang='lat' dir='ltr'><strong>gradibus</strong></span> <span class='ocrx_word' id='word_1_42' title='bbox 986 672 1346 753; x_wconf 77' lang='lat' dir='ltr'><strong>adstructis,</strong></span> <span class='ocrx_word' id='word_1_43' title='bbox 1416 680 1488 737; x_wconf 94' lang='lat' dir='ltr'><strong>ut</strong></span> <span class='ocrx_word' id='word_1_44' title='bbox 1549 692 1632 738; x_wconf 90' lang='lat' dir='ltr'><strong>ex</strong></span> <span class='ocrx_word' id='word_1_45' title='bbox 1691 693 1770 737; x_wconf 91' lang='lat' dir='ltr'><strong>ea</strong></span> <span class='ocrx_word' id='word_1_46' title='bbox 1827 672 2005 738; x_wconf 86' lang='lat' dir='ltr'><strong>velut</strong></span> <span class='ocrx_word' id='word_1_47' title='bbox 2050 694 2085 738; x_wconf 93' lang='lat' dir='ltr'><strong>e</strong></span> <span class='ocrx_word' id='word_1_48' title='bbox 2132 693 2310 736; x_wconf 85' lang='lat' dir='ltr'><strong>muro</strong></span> <span class='ocrx_word' id='word_1_49' title='bbox 2354 672 2485 737; x_wconf 90' lang='lat' dir='ltr'><strong>tela</strong></span> <span class='ocrx_word' id='word_1_50' title='bbox 2530 673 2594 737; x_wconf 92' lang='lat' dir='ltr'><strong>in</strong></span> 
     </span>
     <span class='ocr_line' id='line_1_6' title="bbox 150 758 2646 844; baseline 0.001 -24"><span class='ocrx_word' id='word_1_51' title='bbox 150 772 175 810; x_wconf 83' lang='lat'>⁵</span> <span class='ocrx_word' id='word_1_52' title='bbox 200 764 714 839; x_wconf 88' lang='lat' dir='ltr'><strong>praetereuntem</strong></span> <span class='ocrx_word' id='word_1_53' title='bbox 779 758 1159 824; x_wconf 90' lang='lat' dir='ltr'><strong>conicerent.</strong></span> <span class='ocrx_word' id='word_1_54' title='bbox 1220 759 1425 844; x_wconf 90' lang='lat' dir='ltr'><strong>primo</strong></span> <span class='ocrx_word' id='word_1_55' title='bbox 1469 781 1511 824; x_wconf 92' lang='lat' dir='ltr'><strong>a</strong></span> <span class='ocrx_word' id='word_1_56' title='bbox 1554 759 1714 824; x_wconf 90' lang='lat' dir='ltr'><strong>mari</strong></span> <span class='ocrx_word' id='word_1_57' title='bbox 1774 758 2157 824; x_wconf 88' lang='lat' dir='ltr'><strong>circumfusa</strong></span> <span class='ocrx_word' id='word_1_58' title='bbox 2199 760 2387 824; x_wconf 91' lang='lat' dir='ltr'><strong>turba</strong></span> <span class='ocrx_word' id='word_1_59' title='bbox 2446 760 2594 823; x_wconf 87' lang='lat' dir='ltr'><strong>ami·</strong></span> <span class='ocrx_word' id='word_1_60' title='bbox 2623 775 2646 813; x_wconf 75' lang='grc' dir='ltr'><strong><em>τ</em></strong></span> 
     </span>
     <span class='ocr_line' id='line_1_7' title="bbox 202 845 2593 931; baseline 0 -24"><span class='ocrx_word' id='word_1_61' title='bbox 202 862 449 908; x_wconf 75' lang='lat' dir='ltr'><strong>corum.</strong></span> <span class='ocrx_word' id='word_1_62' title='bbox 482 865 560 909; x_wconf 91' lang='lat' dir='ltr'><strong>ac</strong></span> <span class='ocrx_word' id='word_1_63' title='bbox 605 845 951 910; x_wconf 78' lang='lat' dir='ltr'><strong>satellitum</strong></span> <span class='ocrx_word' id='word_1_64' title='bbox 1011 846 1420 930; x_wconf 80' lang='lat' dir='ltr'><strong>procedebat,</strong></span> <span class='ocrx_word' id='word_1_65' title='bbox 1488 846 1722 911; x_wconf 91' lang='lat' dir='ltr'><strong>deinde</strong></span> <span class='ocrx_word' id='word_1_66' title='bbox 1791 847 2222 911; x_wconf 84' lang='lat' dir='ltr'><strong>extenuabant</strong></span> <span class='ocrx_word' id='word_1_67' title='bbox 2288 846 2593 931; x_wconf 88' lang='lat' dir='ltr'><strong>paulatim</strong></span> 
     </span>
     <span class='ocr_line' id='line_1_8' title="bbox 200 931 2647 1015; baseline 0.001 -22"><span class='ocrx_word' id='word_1_68' title='bbox 200 931 543 1013; x_wconf 86' lang='lat' dir='ltr'><strong>angustiae</strong></span> <span class='ocrx_word' id='word_1_69' title='bbox 588 952 839 1014; x_wconf 84' lang='lat' dir='ltr'><strong>agmen.</strong></span> <span class='ocrx_word' id='word_1_70' title='bbox 918 933 1028 997; x_wconf 92' lang='lat' dir='ltr'><strong>ubi</strong></span> <span class='ocrx_word' id='word_1_71' title='bbox 1074 932 1161 998; x_wconf 90' lang='lat' dir='ltr'><strong>ad</strong></span> <span class='ocrx_word' id='word_1_72' title='bbox 1204 952 1351 999; x_wconf 91' lang='lat' dir='ltr'><strong>eum</strong></span> <span class='ocrx_word' id='word_1_73' title='bbox 1396 933 1609 998; x_wconf 91' lang='lat' dir='ltr'><strong>locum</strong></span> <span class='ocrx_word' id='word_1_74' title='bbox 1651 938 1914 998; x_wconf 86' lang='lat' dir='ltr'><strong>ventum</strong></span> <span class='ocrx_word' id='word_1_75' title='bbox 1976 940 2091 1011; x_wconf 89' lang='lat' dir='ltr'><strong>est,</strong></span> <span class='ocrx_word' id='word_1_76' title='bbox 2153 953 2278 1015; x_wconf 90' lang='lat' dir='ltr'><strong>qua</strong></span> <span class='ocrx_word' id='word_1_77' title='bbox 2323 931 2592 1014; x_wconf 84' lang='lat' dir='ltr'><strong>singulis</strong></span> <span class='ocrx_word' id='word_1_78' title='bbox 2622 947 2647 986; x_wconf 84' lang='grc'>8</span> 
     </span>
     <span class='ocr_line' id='line_1_9' title="bbox 201 1017 2595 1103; baseline 0 -22"><span class='ocrx_word' id='word_1_79' title='bbox 201 1017 482 1081; x_wconf 90' lang='lat' dir='ltr'><strong>eundum</strong></span> <span class='ocrx_word' id='word_1_80' title='bbox 529 1025 681 1099; x_wconf 91' lang='lat' dir='ltr'><strong>erat,</strong></span> <span class='ocrx_word' id='word_1_81' title='bbox 728 1020 969 1103; x_wconf 90' lang='lat' dir='ltr'><strong>primus</strong></span> <span class='ocrx_word' id='word_1_82' title='bbox 1016 1021 1307 1085; x_wconf 87' lang='lat' dir='ltr'><strong>semitam</strong></span> <span class='ocrx_word' id='word_1_83' title='bbox 1329 1020 1656 1102; x_wconf 82' lang='lat' dir='ltr'><strong>ingressus</strong></span> <span class='ocrx_word' id='word_1_84' title='bbox 1703 1021 2074 1100; x_wconf 87' lang='lat' dir='ltr'><strong>Pantaleon,</strong></span> <span class='ocrx_word' id='word_1_85' title='bbox 2108 1019 2399 1084; x_wconf 85' lang='lat' dir='ltr'><strong>Aetoliae</strong></span> <span class='ocrx_word' id='word_1_86' title='bbox 2429 1019 2595 1102; x_wconf 88' lang='lat' dir='ltr'><strong>prin-</strong></span> 
     </span>
     <span class='ocr_line' id='line_1_10' title="bbox 200 1105 2647 1190; baseline 0.001 -23"><span class='ocrx_word' id='word_1_87' title='bbox 200 1122 374 1188; x_wconf 89' lang='lat' dir='ltr'><strong>ceps,</strong></span> <span class='ocrx_word' id='word_1_88' title='bbox 426 1125 571 1169; x_wconf 92' lang='lat' dir='ltr'><strong>cum</strong></span> <span class='ocrx_word' id='word_1_89' title='bbox 617 1123 741 1186; x_wconf 89' lang='lat' dir='ltr'><strong>quo</strong></span> <span class='ocrx_word' id='word_1_90' title='bbox 786 1106 1108 1172; x_wconf 89' lang='lat' dir='ltr'><strong>institutus</strong></span> <span class='ocrx_word' id='word_1_91' title='bbox 1154 1108 1294 1190; x_wconf 83' lang='lat' dir='ltr'><strong>regi</strong></span> <span class='ocrx_word' id='word_1_92' title='bbox 1341 1127 1548 1172; x_wconf 90' lang='lat' dir='ltr'><strong>sermo</strong></span> <span class='ocrx_word' id='word_1_93' title='bbox 1581 1113 1735 1172; x_wconf 88' lang='lat' dir='ltr'><strong>erat.</strong></span> <span class='ocrx_word' id='word_1_94' title='bbox 1790 1114 1924 1171; x_wconf 92' lang='lat' dir='ltr'><strong>tum</strong></span> <span class='ocrx_word' id='word_1_95' title='bbox 1954 1106 2357 1171; x_wconf 89' lang='lat' dir='ltr'><strong>insidiatores</strong></span> <span class='ocrx_word' id='word_1_96' title='bbox 2390 1105 2593 1170; x_wconf 84' lang='lat' dir='ltr'><strong>exorti</strong></span> <span class='ocrx_word' id='word_1_97' title='bbox 2622 1119 2647 1158; x_wconf 78' lang='grc'><strong>9</strong></span> 
     </span>
     <span class='ocr_line' id='line_1_11' title="bbox 122 1191 2590 1277; baseline 0.002 -24"><span class='ocrx_word' id='word_1_98' title='bbox 122 1205 174 1244; x_wconf 87' lang='lat'><strong>10</strong></span> <span class='ocrx_word' id='word_1_99' title='bbox 201 1209 364 1254; x_wconf 87' lang='lat' dir='ltr'><strong>saxa</strong></span> <span class='ocrx_word' id='word_1_100' title='bbox 407 1191 535 1255; x_wconf 90' lang='lat' dir='ltr'><strong>duo</strong></span> <span class='ocrx_word' id='word_1_101' title='bbox 564 1192 854 1273; x_wconf 85' lang='lat' dir='ltr'><strong>ingentia</strong></span> <span class='ocrx_word' id='word_1_102' title='bbox 883 1192 1247 1274; x_wconf 85' lang='lat' dir='ltr'><strong>devolvunt,</strong></span> <span class='ocrx_word' id='word_1_103' title='bbox 1304 1214 1571 1276; x_wconf 88' lang='lat' dir='ltr'><strong>quorum</strong></span> <span class='ocrx_word' id='word_1_104' title='bbox 1615 1195 1818 1258; x_wconf 90' lang='lat' dir='ltr'><strong>altero</strong></span> <span class='ocrx_word' id='word_1_105' title='bbox 1848 1201 2038 1277; x_wconf 89' lang='lat' dir='ltr'><strong>caput</strong></span> <span class='ocrx_word' id='word_1_106' title='bbox 2068 1193 2262 1258; x_wconf 91' lang='lat' dir='ltr'><strong>ictum</strong></span> <span class='ocrx_word' id='word_1_107' title='bbox 2293 1200 2389 1258; x_wconf 90' lang='lat' dir='ltr'><strong>est</strong></span> <span class='ocrx_word' id='word_1_108' title='bbox 2434 1193 2590 1274; x_wconf 82' lang='lat' dir='ltr'><strong>regi,</strong></span> 
     </span>
     <span class='ocr_line' id='line_1_12' title="bbox 199 1277 2593 1365; baseline 0.001 -25"><span class='ocrx_word' id='word_1_109' title='bbox 199 1277 403 1342; x_wconf 89' lang='lat' dir='ltr'><strong>altero</strong></span> <span class='ocrx_word' id='word_1_110' title='bbox 449 1297 738 1363; x_wconf 90' lang='lat' dir='ltr'><strong>umerus;</strong></span> <span class='ocrx_word' id='word_1_111' title='bbox 810 1281 1178 1364; x_wconf 89' lang='lat' dir='ltr'><strong>sopitusque</strong></span> <span class='ocrx_word' id='word_1_112' title='bbox 1227 1300 1308 1345; x_wconf 91' lang='lat' dir='ltr'><strong>ex</strong></span> <span class='ocrx_word' id='word_1_113' title='bbox 1353 1281 1581 1345; x_wconf 90' lang='lat' dir='ltr'><strong>semita</strong></span> <span class='ocrx_word' id='word_1_114' title='bbox 1623 1280 1895 1365; x_wconf 79' lang='lat' dir='ltr'><strong>procidit</strong></span> <span class='ocrx_word' id='word_1_115' title='bbox 1939 1280 2008 1343; x_wconf 93' lang='lat' dir='ltr'><strong>in</strong></span> <span class='ocrx_word' id='word_1_116' title='bbox 2051 1279 2323 1360; x_wconf 89' lang='lat' dir='ltr'><strong>declive,</strong></span> <span class='ocrx_word' id='word_1_117' title='bbox 2381 1278 2593 1343; x_wconf 81' lang='lat' dir='ltr'><strong>multis</strong></span> 
     </span>
     <span class='ocr_line' id='line_1_13' title="bbox 200 1365 2672 1450; baseline 0.001 -23"><span class='ocrx_word' id='word_1_118' title='bbox 200 1383 394 1447; x_wconf 88' lang='lat' dir='ltr'><strong>super</strong></span> <span class='ocrx_word' id='word_1_119' title='bbox 435 1367 806 1450; x_wconf 89' lang='lat' dir='ltr'><strong>prolapsum</strong></span> <span class='ocrx_word' id='word_1_120' title='bbox 848 1367 980 1430; x_wconf 89' lang='lat' dir='ltr'><strong>iam</strong></span> <span class='ocrx_word' id='word_1_121' title='bbox 1025 1368 1199 1432; x_wconf 89' lang='lat' dir='ltr'><strong>saxis</strong></span> <span class='ocrx_word' id='word_1_122' title='bbox 1267 1367 1610 1449; x_wconf 84' lang='lat' dir='ltr'><strong>congestis.</strong></span> <span class='ocrx_word' id='word_1_123' title='bbox 1702 1373 1765 1432; x_wconf 91' lang='lat' dir='ltr'><strong>et</strong></span> <span class='ocrx_word' id='word_1_124' title='bbox 1818 1367 2012 1433; x_wconf 88' lang='lat' dir='ltr'><strong>ceteri</strong></span> <span class='ocrx_word' id='word_1_125' title='bbox 2058 1365 2334 1450; x_wconf 90' lang='lat' dir='ltr'><strong>quidem,</strong></span> <span class='ocrx_word' id='word_1_126' title='bbox 2402 1366 2595 1430; x_wconf 91' lang='lat' dir='ltr'><strong>etiam</strong></span> <span class='ocrx_word' id='word_1_127' title='bbox 2622 1379 2672 1418; x_wconf 89' lang='lat'><strong>10</strong></span> 
     </span>
     <span class='ocr_line' id='line_1_14' title="bbox 198 1451 2594 1537; baseline 0.001 -24"><span class='ocrx_word' id='word_1_128' title='bbox 198 1451 550 1516; x_wconf 87' lang='lat' dir='ltr'><strong>amicorum</strong></span> <span class='ocrx_word' id='word_1_129' title='bbox 595 1460 658 1518; x_wconf 89' lang='lat' dir='ltr'><strong>et</strong></span> <span class='ocrx_word' id='word_1_130' title='bbox 704 1454 1048 1518; x_wconf 89' lang='lat' dir='ltr'><strong>satellitum</strong></span> <span class='ocrx_word' id='word_1_131' title='bbox 1092 1455 1304 1534; x_wconf 82' lang='lat' dir='ltr'><strong>turba,</strong></span> <span class='ocrx_word' id='word_1_132' title='bbox 1352 1461 1689 1537; x_wconf 87' lang='lat' dir='ltr'><strong>postquam</strong></span> <span class='ocrx_word' id='word_1_133' title='bbox 1733 1453 2069 1519; x_wconf 85' lang='lat' dir='ltr'><strong>cadentem</strong></span> <span class='ocrx_word' id='word_1_134' title='bbox 2114 1452 2353 1533; x_wconf 85' lang='lat' dir='ltr'><strong>videre,</strong></span> <span class='ocrx_word' id='word_1_135' title='bbox 2416 1451 2594 1516; x_wconf 86' lang='lat' dir='ltr'><strong>diffu-</strong></span> 
     </span>
     <span class='ocr_line' id='line_1_15' title="bbox 199 1537 2590 1625; baseline 0.001 -24"><span class='ocrx_word' id='word_1_136' title='bbox 199 1537 417 1619; x_wconf 80' lang='lat' dir='ltr'><strong>giunt3</strong></span> <span class='ocrx_word' id='word_1_137' title='bbox 465 1539 821 1606; x_wconf 86' lang='lat' dir='ltr'><strong>Pantaleon</strong></span> <span class='ocrx_word' id='word_1_138' title='bbox 852 1548 1072 1606; x_wconf 87' lang='lat' dir='ltr'><strong>contra</strong></span> <span class='ocrx_word' id='word_1_139' title='bbox 1100 1540 1443 1625; x_wconf 82' lang='lat' dir='ltr'><strong>inpavidus</strong></span> <span class='ocrx_word' id='word_1_140' title='bbox 1474 1541 1712 1606; x_wconf 90' lang='lat' dir='ltr'><strong>mansit</strong></span> <span class='ocrx_word' id='word_1_141' title='bbox 1740 1541 1824 1605; x_wconf 90' lang='lat' dir='ltr'><strong>ad</strong></span> <span class='ocrx_word' id='word_1_142' title='bbox 1854 1540 2321 1624; x_wconf 86' lang='lat' dir='ltr'><strong>protegendum</strong></span> <span class='ocrx_word' id='word_1_143' title='bbox 2350 1558 2590 1623; x_wconf 86' lang='lat' dir='ltr'><strong>regem.</strong></span> 
     </span>
    </p>
   </div>
   <div class='ocr_carea' id='block_1_3' title="bbox 119 1685 2644 2381">
    <p class='ocr_par' dir='ltr' id='par_1_3' title="bbox 122 1685 2644 2118">
     <span class='ocr_line' id='line_1_16' title="bbox 122 1685 2643 1769; baseline 0.001 -19"><span class='ocrx_word' id='word_1_144' title='bbox 122 1703 174 1743; x_wconf 83' lang='lat'><strong>1⁵</strong></span> <span class='ocrx_word' id='word_1_145' title='bbox 410 1685 587 1751; x_wconf 89' lang='lat' dir='ltr'>XVI.</span> <span class='ocrx_word' id='word_1_146' title='bbox 638 1687 968 1769; x_wconf 76' lang='lat' dir='ltr'><strong>LatroneS,</strong></span> <span class='ocrx_word' id='word_1_147' title='bbox 1032 1709 1177 1754; x_wconf 92' lang='lat' dir='ltr'><strong>cum</strong></span> <span class='ocrx_word' id='word_1_148' title='bbox 1237 1689 1417 1754; x_wconf 92' lang='lat' dir='ltr'><strong>brevi</strong></span> <span class='ocrx_word' id='word_1_149' title='bbox 1475 1688 1812 1752; x_wconf 90' lang='lat' dir='ltr'><strong>circumitu</strong></span> <span class='ocrx_word' id='word_1_150' title='bbox 1872 1688 2192 1753; x_wconf 89' lang='lat' dir='ltr'><strong>maceriae</strong></span> <span class='ocrx_word' id='word_1_151' title='bbox 2252 1688 2593 1752; x_wconf 89' lang='lat' dir='ltr'><strong>decurrere</strong></span> <span class='ocrx_word' id='word_1_152' title='bbox 2622 1700 2643 1736; x_wconf 94' lang='lat'><strong>1</strong></span> 
     </span>
     <span class='ocr_line' id='line_1_17' title="bbox 197 1770 2591 1860; baseline 0 -24"><span class='ocrx_word' id='word_1_153' title='bbox 197 1770 282 1836; x_wconf 90' lang='lat' dir='ltr'><strong>ad</strong></span> <span class='ocrx_word' id='word_1_154' title='bbox 336 1772 808 1838; x_wconf 89' lang='lat' dir='ltr'><strong>conficiendum</strong></span> <span class='ocrx_word' id='word_1_155' title='bbox 868 1776 1158 1840; x_wconf 92' lang='lat' dir='ltr'><strong>saucium</strong></span> <span class='ocrx_word' id='word_1_156' title='bbox 1218 1782 1501 1860; x_wconf 85' lang='lat' dir='ltr'><strong>possent,</strong></span> <span class='ocrx_word' id='word_1_157' title='bbox 1548 1775 1725 1839; x_wconf 89' lang='lat' dir='ltr'><strong>velut</strong></span> <span class='ocrx_word' id='word_1_158' title='bbox 1783 1774 2070 1858; x_wconf 86' lang='lat' dir='ltr'><strong>perfecta</strong></span> <span class='ocrx_word' id='word_1_159' title='bbox 2113 1795 2182 1838; x_wconf 92' lang='lat' dir='ltr'><strong>re</strong></span> <span class='ocrx_word' id='word_1_160' title='bbox 2240 1774 2307 1838; x_wconf 93' lang='lat' dir='ltr'><strong>in</strong></span> <span class='ocrx_word' id='word_1_161' title='bbox 2367 1771 2591 1858; x_wconf 86' lang='lat' dir='ltr'><strong>iugum</strong></span> 
     </span>
     <span class='ocr_line' id='line_1_18' title="bbox 198 1858 2592 1944; baseline 0.002 -23"><span class='ocrx_word' id='word_1_162' title='bbox 198 1858 470 1924; x_wconf 91' lang='lat' dir='ltr'><strong>Parnasi</strong></span> <span class='ocrx_word' id='word_1_163' title='bbox 514 1861 891 1944; x_wconf 83' lang='lat' dir='ltr'><strong>refugerunt</strong></span> <span class='ocrx_word' id='word_1_164' title='bbox 937 1882 1012 1927; x_wconf 90' lang='lat' dir='ltr'><strong>eo</strong></span> <span class='ocrx_word' id='word_1_165' title='bbox 1059 1882 1267 1942; x_wconf 90' lang='lat' dir='ltr'><strong>cursu,</strong></span> <span class='ocrx_word' id='word_1_166' title='bbox 1315 1870 1404 1941; x_wconf 92' lang='lat' dir='ltr'><strong>ut,</strong></span> <span class='ocrx_word' id='word_1_167' title='bbox 1454 1882 1598 1927; x_wconf 90' lang='lat' dir='ltr'><strong>cum</strong></span> <span class='ocrx_word' id='word_1_168' title='bbox 1640 1882 1801 1926; x_wconf 92' lang='lat' dir='ltr'><strong>unus</strong></span> <span class='ocrx_word' id='word_1_169' title='bbox 1847 1881 1973 1926; x_wconf 89' lang='lat' dir='ltr'><strong>non</strong></span> <span class='ocrx_word' id='word_1_170' title='bbox 2026 1861 2215 1926; x_wconf 88' lang='lat' dir='ltr'><strong>facile</strong></span> <span class='ocrx_word' id='word_1_171' title='bbox 2263 1861 2592 1944; x_wconf 86' lang='lat' dir='ltr'><strong>sequendo</strong></span> 
     </span>
     <span class='ocr_line' id='line_1_19' title="bbox 199 1946 2590 2032; baseline 0.001 -23"><span class='ocrx_word' id='word_1_172' title='bbox 199 1966 315 2030; x_wconf 91' lang='lat' dir='ltr'><strong>per</strong></span> <span class='ocrx_word' id='word_1_173' title='bbox 359 1946 539 2012; x_wconf 86' lang='lat' dir='ltr'><strong>invia</strong></span> <span class='ocrx_word' id='word_1_174' title='bbox 584 1955 780 2032; x_wconf 90' lang='lat' dir='ltr'><strong>atque</strong></span> <span class='ocrx_word' id='word_1_175' title='bbox 823 1949 1030 2014; x_wconf 91' lang='lat' dir='ltr'><strong>ardua</strong></span> <span class='ocrx_word' id='word_1_176' title='bbox 1060 1955 1413 2014; x_wconf 90' lang='lat' dir='ltr'><strong>moraretur</strong></span> <span class='ocrx_word' id='word_1_177' title='bbox 1457 1947 1682 2031; x_wconf 85' lang='lat' dir='ltr'><strong>fugam</strong></span> <span class='ocrx_word' id='word_1_178' title='bbox 1713 1967 1950 2029; x_wconf 87' lang='lat' dir='ltr'><strong>eorum,</strong></span> <span class='ocrx_word' id='word_1_179' title='bbox 2000 1970 2077 2011; x_wconf 78' lang='lat' dir='ltr'><strong>ne</strong></span> <span class='ocrx_word' id='word_1_180' title='bbox 2123 1967 2205 2012; x_wconf 90' lang='lat' dir='ltr'><strong>ex</strong></span> <span class='ocrx_word' id='word_1_181' title='bbox 2236 1967 2590 2032; x_wconf 90' lang='lat' dir='ltr'><strong>conprenso</strong></span> 
     </span>
     <span class='ocr_line' id='line_1_20' title="bbox 197 2032 2644 2118; baseline 0.001 -23"><span class='ocrx_word' id='word_1_182' title='bbox 197 2032 508 2098; x_wconf 91' lang='lat' dir='ltr'><strong>indicium</strong></span> <span class='ocrx_word' id='word_1_183' title='bbox 568 2043 912 2114; x_wconf 87' lang='lat' dir='ltr'><strong>emanaret,</strong></span> <span class='ocrx_word' id='word_1_184' title='bbox 963 2036 1314 2102; x_wconf 88' lang='lat' dir='ltr'><strong>occiderint</strong></span> <span class='ocrx_word' id='word_1_185' title='bbox 1373 2036 1691 2101; x_wconf 88' lang='lat' dir='ltr'><strong>comitem.</strong></span> <span class='ocrx_word' id='word_1_186' title='bbox 1738 2035 1823 2100; x_wconf 90' lang='lat' dir='ltr'><strong>ad</strong></span> <span class='ocrx_word' id='word_1_187' title='bbox 1883 2052 2113 2118; x_wconf 91' lang='lat' dir='ltr'><strong>corpus</strong></span> <span class='ocrx_word' id='word_1_188' title='bbox 2164 2035 2340 2117; x_wconf 83' lang='lat' dir='ltr'><strong>regis</strong></span> <span class='ocrx_word' id='word_1_189' title='bbox 2385 2034 2590 2118; x_wconf 90' lang='lat' dir='ltr'><strong>primo</strong></span> <span class='ocrx_word' id='word_1_190' title='bbox 2620 2051 2644 2089; x_wconf 84' lang='lat'>2</span> 
     </span>
    </p>

    <p class='ocr_par' dir='ltr' id='par_1_4' title="bbox 119 2120 2644 2381">
     <span class='ocr_line' id='line_1_21' title="bbox 119 2120 2591 2206; baseline 0.001 -23"><span class='ocrx_word' id='word_1_191' title='bbox 119 2135 174 2175; x_wconf 78' lang='lat'><strong>20</strong></span> <span class='ocrx_word' id='word_1_192' title='bbox 197 2120 406 2202; x_wconf 91' lang='lat' dir='ltr'><strong>amici,</strong></span> <span class='ocrx_word' id='word_1_193' title='bbox 455 2121 689 2188; x_wconf 90' lang='lat' dir='ltr'><strong>deinde</strong></span> <span class='ocrx_word' id='word_1_194' title='bbox 737 2123 1049 2189; x_wconf 87' lang='lat' dir='ltr'><strong>satellites</strong></span> <span class='ocrx_word' id='word_1_195' title='bbox 1096 2145 1172 2188; x_wconf 92' lang='lat' dir='ltr'><strong>ac</strong></span> <span class='ocrx_word' id='word_1_196' title='bbox 1218 2124 1389 2190; x_wconf 84' lang='lat' dir='ltr'><strong>servi</strong></span> <span class='ocrx_word' id='word_1_197' title='bbox 1434 2128 1919 2205; x_wconf 89' lang='lat' dir='ltr'><strong>concurrerunt;</strong></span> <span class='ocrx_word' id='word_1_198' title='bbox 1966 2121 2269 2188; x_wconf 89' lang='lat' dir='ltr'><strong>tollentes</strong></span> <span class='ocrx_word' id='word_1_199' title='bbox 2315 2121 2591 2206; x_wconf 90' lang='lat' dir='ltr'><strong>sopitum</strong></span> 
     </span>
     <span class='ocr_line' id='line_1_22' title="bbox 196 2207 2644 2295; baseline 0.001 -25"><span class='ocrx_word' id='word_1_200' title='bbox 196 2207 457 2274; x_wconf 86' lang='lat' dir='ltr'><strong>volnere</strong></span> <span class='ocrx_word' id='word_1_201' title='bbox 516 2230 593 2273; x_wconf 91' lang='lat' dir='ltr'><strong>ac</strong></span> <span class='ocrx_word' id='word_1_202' title='bbox 646 2209 807 2274; x_wconf 89' lang='lat' dir='ltr'><strong>nihil</strong></span> <span class='ocrx_word' id='word_1_203' title='bbox 851 2208 1248 2295; x_wconf 89' lang='lat' dir='ltr'><strong>sentientem,</strong></span> <span class='ocrx_word' id='word_1_204' title='bbox 1301 2211 1523 2276; x_wconf 83' lang='lat' dir='ltr'><strong>vivere</strong></span> <span class='ocrx_word' id='word_1_205' title='bbox 1583 2218 1798 2275; x_wconf 92' lang='lat' dir='ltr'><strong>tamen</strong></span> <span class='ocrx_word' id='word_1_206' title='bbox 1843 2231 1924 2275; x_wconf 91' lang='lat' dir='ltr'><strong>ex</strong></span> <span class='ocrx_word' id='word_1_207' title='bbox 1985 2209 2193 2274; x_wconf 89' lang='lat' dir='ltr'><strong>calore</strong></span> <span class='ocrx_word' id='word_1_208' title='bbox 2254 2216 2316 2275; x_wconf 92' lang='lat' dir='ltr'><strong>et</strong></span> <span class='ocrx_word' id='word_1_209' title='bbox 2362 2209 2589 2293; x_wconf 90' lang='lat' dir='ltr'><strong>spiritu</strong></span> <span class='ocrx_word' id='word_1_210' title='bbox 2619 2225 2644 2264; x_wconf 82' lang='lat'><strong>3</strong></span> 
     </span>
     <span class='ocr_line' id='line_1_23' title="bbox 196 2296 2590 2381; baseline 0.001 -23"><span class='ocrx_word' id='word_1_211' title='bbox 196 2303 567 2362; x_wconf 90' lang='lat' dir='ltr'><strong>remanente</strong></span> <span class='ocrx_word' id='word_1_212' title='bbox 615 2296 681 2360; x_wconf 93' lang='lat' dir='ltr'><strong>in</strong></span> <span class='ocrx_word' id='word_1_213' title='bbox 727 2298 1121 2381; x_wconf 88' lang='lat' dir='ltr'><strong>praecordiis</strong></span> <span class='ocrx_word' id='word_1_214' title='bbox 1174 2305 1549 2378; x_wconf 86' lang='lat' dir='ltr'><strong>senserunt:</strong></span> <span class='ocrx_word' id='word_1_215' title='bbox 1597 2298 1914 2362; x_wconf 86' lang='lat' dir='ltr'><strong>victurum</strong></span> <span class='ocrx_word' id='word_1_216' title='bbox 1974 2297 2209 2380; x_wconf 85' lang='lat' dir='ltr'><strong>exigua</strong></span> <span class='ocrx_word' id='word_1_217' title='bbox 2267 2316 2345 2361; x_wconf 90' lang='lat' dir='ltr'><strong>ac</strong></span> <span class='ocrx_word' id='word_1_218' title='bbox 2388 2316 2590 2381; x_wconf 89' lang='lat' dir='ltr'><strong>prope</strong></span> 
     </span>
    </p>
   </div>
   <div class='ocr_carea' id='block_1_4' title="bbox 278 2463 611 2473">
    <p class='ocr_par' dir='ltr' id='par_1_5' title="bbox 278 2463 611 2473">
     <span class='ocr_line' id='line_1_24' title="bbox 278 2463 611 2473; baseline 0 1784"><span class='ocrx_word' id='word_1_219' title='bbox 278 2463 611 2473; x_wconf 95' lang='lat' dir='ltr'><strong> </strong></span> 
     </span>
    </p>
   </div>
   <div class='ocr_carea' id='block_1_5' title="bbox 507 2555 2590 2639">
    <p class='ocr_par' dir='ltr' id='par_1_6' title="bbox 507 2555 2590 2639">
     <span class='ocr_line' id='line_1_25' title="bbox 507 2555 2590 2639; baseline 0 -29"><span class='ocrx_word' id='word_1_220' title='bbox 507 2561 551 2611; x_wconf 90' lang='lat'><strong>1.</strong></span> <span class='ocrx_word' id='word_1_221' title='bbox 624 2557 1008 2639; x_wconf 74' lang='lat' dir='ltr'><strong>locaimacerie</strong></span> <span class='ocrx_word' id='word_1_222' title='bbox 1055 2557 1071 2625; x_wconf 96' lang='grc' dir='ltr'><strong>ΙΙ</strong></span> <span class='ocrx_word' id='word_1_223' title='bbox 1126 2558 2056 2628; x_wconf 70' lang='lat' dir='ltr'><strong>ratableuiasemitampaulumexta</strong></span> <span class='ocrx_word' id='word_1_224' title='bbox 2095 2555 2115 2626; x_wconf 95' lang='grc' dir='ltr'><strong>ΙΙ</strong></span> <span class='ocrx_word' id='word_1_225' title='bbox 2155 2558 2302 2612; x_wconf 87' lang='lat' dir='ltr'><strong>tem*</strong></span> <span class='ocrx_word' id='word_1_226' title='bbox 2446 2556 2590 2624; x_wconf 88' lang='lat' dir='ltr'><strong>(loca</strong></span> 
     </span>
    </p>
   </div>
   <div class='ocr_carea' id='block_1_6' title="bbox 188 2659 2590 3267">
    <p class='ocr_par' dir='ltr' id='par_1_7' title="bbox 188 2659 2590 3267">
     <span class='ocr_line' id='line_1_26' title="bbox 192 2659 2588 2733; baseline 0 -19"><span class='ocrx_word' id='word_1_227' title='bbox 192 2662 436 2716; x_wconf 86' lang='lat' dir='ltr'><strong>maceria</strong></span> <span class='ocrx_word' id='word_1_228' title='bbox 497 2666 618 2716; x_wconf 86' lang='lat' dir='ltr'><strong>erat</strong></span> <span class='ocrx_word' id='word_1_229' title='bbox 664 2664 733 2717; x_wconf 88' lang='lat' dir='ltr'><strong>ab</strong></span> <span class='ocrx_word' id='word_1_230' title='bbox 793 2665 952 2718; x_wconf 84' lang='lat' dir='ltr'><strong>laeva</strong></span> <span class='ocrx_word' id='word_1_231' title='bbox 1023 2664 1255 2719; x_wconf 84' lang='lat' dir='ltr'><strong>semitae</strong></span> <span class='ocrx_word' id='word_1_232' title='bbox 1313 2666 1543 2733; x_wconf 87' lang='lat' dir='ltr'><strong>paulum</strong></span> <span class='ocrx_word' id='word_1_233' title='bbox 1618 2669 1814 2718; x_wconf 83' lang='lat' dir='ltr'><strong>extans</strong></span> <span class='ocrx_word' id='word_1_234' title='bbox 1872 2666 1952 2717; x_wconf 82' lang='lat' dir='ltr'><strong>ed.</strong></span> <span class='ocrx_word' id='word_1_235' title='bbox 2010 2664 2141 2717; x_wconf 85' lang='lat' dir='ltr'><strong>Bas.</strong></span> <span class='ocrx_word' id='word_1_236' title='bbox 2201 2659 2397 2727; x_wconf 83' lang='lat'><em>1531),</em></span> <span class='ocrx_word' id='word_1_237' title='bbox 2454 2680 2588 2716; x_wconf 89' lang='lat' dir='ltr'><strong>corr.</strong></span> 
     </span>
     <span class='ocr_line' id='line_1_27' title="bbox 192 2748 2589 2819; baseline 0 -19"><span class='ocrx_word' id='word_1_238' title='bbox 192 2748 418 2817; x_wconf 74' lang='lat' dir='ltr'><strong>Madviq</strong></span> <span class='ocrx_word' id='word_1_239' title='bbox 454 2750 576 2802; x_wconf 86' lang='lat' dir='ltr'><strong>Em.</strong></span> <span class='ocrx_word' id='word_1_240' title='bbox 611 2749 676 2803; x_wconf 89' lang='lat' dir='ltr'><strong>L.</strong></span> <span class='ocrx_word' id='word_1_241' title='bbox 705 2769 764 2819; x_wconf 92' lang='grc' dir='ltr'><strong>Ρ.</strong></span> <span class='ocrx_word' id='word_1_242' title='bbox 800 2749 916 2804; x_wconf 83' lang='grc'><strong>627</strong></span> <span class='ocrx_word' id='word_1_243' title='bbox 951 2749 1113 2818; x_wconf 86' lang='lat' dir='ltr'><strong>(loca,</strong></span> <span class='ocrx_word' id='word_1_244' title='bbox 1147 2751 1387 2804; x_wconf 85' lang='lat' dir='ltr'><strong>maceria</strong></span> <span class='ocrx_word' id='word_1_245' title='bbox 1423 2756 1545 2804; x_wconf 84' lang='lat' dir='ltr'><strong>erat</strong></span> <span class='ocrx_word' id='word_1_246' title='bbox 1580 2752 1649 2805; x_wconf 85' lang='lat' dir='ltr'><strong>ab</strong></span> <span class='ocrx_word' id='word_1_247' title='bbox 1686 2752 1841 2804; x_wconf 86' lang='lat' dir='ltr'><strong>laeva</strong></span> <span class='ocrx_word' id='word_1_248' title='bbox 1879 2750 2075 2804; x_wconf 88' lang='lat' dir='ltr'><strong>semita</strong></span> <span class='ocrx_word' id='word_1_249' title='bbox 2096 2750 2326 2817; x_wconf 85' lang='lat' dir='ltr'><strong>paulum</strong></span> <span class='ocrx_word' id='word_1_250' title='bbox 2362 2752 2589 2802; x_wconf 83' lang='lat' dir='ltr'><strong>extante</strong></span> 
     </span>
     <span class='ocr_line' id='line_1_28' title="bbox 194 2835 2590 2905; baseline 0 -19"><span class='ocrx_word' id='word_1_251' title='bbox 194 2835 467 2903; x_wconf 77' lang='lat' dir='ltr'><strong>Kreyssiy,</strong></span> <span class='ocrx_word' id='word_1_252' title='bbox 504 2835 693 2901; x_wconf 79' lang='lat' dir='ltr'><strong>Hertz,·</strong></span> <span class='ocrx_word' id='word_1_253' title='bbox 742 2838 885 2905; x_wconf 87' lang='lat' dir='ltr'><strong>loca,</strong></span> <span class='ocrx_word' id='word_1_254' title='bbox 919 2838 1161 2892; x_wconf 86' lang='lat' dir='ltr'><strong>maceria</strong></span> <span class='ocrx_word' id='word_1_255' title='bbox 1198 2843 1317 2891; x_wconf 86' lang='lat' dir='ltr'><strong>erat</strong></span> <span class='ocrx_word' id='word_1_256' title='bbox 1350 2839 1420 2891; x_wconf 79' lang='lat' dir='ltr'><strong>ab</strong></span> <span class='ocrx_word' id='word_1_257' title='bbox 1457 2839 1616 2891; x_wconf 84' lang='lat' dir='ltr'><strong>laeva</strong></span> <span class='ocrx_word' id='word_1_258' title='bbox 1652 2838 1877 2902; x_wconf 81' lang='lat' dir='ltr'><strong>(iuxta)</strong></span> <span class='ocrx_word' id='word_1_259' title='bbox 1926 2837 2181 2891; x_wconf 82' lang='lat' dir='ltr'><strong>semitam</strong></span> <span class='ocrx_word' id='word_1_260' title='bbox 2228 2836 2458 2903; x_wconf 90' lang='lat' dir='ltr'><strong>paulum</strong></span> <span class='ocrx_word' id='word_1_261' title='bbox 2495 2851 2590 2888; x_wconf 89' lang='lat' dir='ltr'><strong>ex-</strong></span> 
     </span>
     <span class='ocr_line' id='line_1_29' title="bbox 192 2922 2588 2993; baseline 0 -19"><span class='ocrx_word' id='word_1_262' title='bbox 192 2926 408 2975; x_wconf 82' lang='lat' dir='ltr'><strong>tantem</strong></span> <span class='ocrx_word' id='word_1_263' title='bbox 457 2922 861 2987; x_wconf 72' lang='lat' dir='ltr'><strong>Weissenborn.)</strong></span> <span class='ocrx_word' id='word_1_264' title='bbox 913 2923 922 2989; x_wconf 96' lang='grc' dir='ltr'>Ι</span> <span class='ocrx_word' id='word_1_265' title='bbox 972 2927 1022 2978; x_wconf 90' lang='lat'><strong>3.</strong></span> <span class='ocrx_word' id='word_1_266' title='bbox 1059 2925 1244 2978; x_wconf 88' lang='lat' dir='ltr'><strong>diruta</strong></span> <span class='ocrx_word' id='word_1_267' title='bbox 1265 2942 1402 2979; x_wconf 87' lang='lat' dir='ltr'><strong>corr.</strong></span> <span class='ocrx_word' id='word_1_268' title='bbox 1440 2926 1643 2978; x_wconf 82' lang='lat' dir='ltr'><strong>Duker.</strong></span> <span class='ocrx_word' id='word_1_269' title='bbox 1692 2922 1702 2993; x_wconf 99' lang='grc' dir='ltr'>Ι</span> <span class='ocrx_word' id='word_1_270' title='bbox 1750 2929 1878 2993; x_wconf 89' lang='lat' dir='ltr'><strong>post</strong></span> <span class='ocrx_word' id='word_1_271' title='bbox 1912 2925 2168 2978; x_wconf 85' lang='lat' dir='ltr'><strong>maceria.</strong></span> <span class='ocrx_word' id='word_1_272' title='bbox 2220 2922 2231 2989; x_wconf 96' lang='grc' dir='ltr'>Ι</span> <span class='ocrx_word' id='word_1_273' title='bbox 2278 2927 2325 2977; x_wconf 87' lang='grc'><strong>5.</strong></span> <span class='ocrx_word' id='word_1_274' title='bbox 2365 2941 2396 2976; x_wconf 87' lang='lat' dir='ltr'><strong>a</strong></span> <span class='ocrx_word' id='word_1_275' title='bbox 2431 2923 2588 2989; x_wconf 88' lang='lat' dir='ltr'><strong>mari,</strong></span> 
     </span>
     <span class='ocr_line' id='line_1_30' title="bbox 191 3007 2587 3082; baseline 0 -20"><span class='ocrx_word' id='word_1_276' title='bbox 191 3007 415 3076; x_wconf 84' lang='lat' dir='ltr'><strong>agmine</strong></span> <span class='ocrx_word' id='word_1_277' title='bbox 451 3011 582 3062; x_wconf 82' lang='lat' dir='ltr'><strong>coni.</strong></span> <span class='ocrx_word' id='word_1_278' title='bbox 621 3010 666 3064; x_wconf 93' lang='grc' dir='ltr'><strong>Ι.</strong></span> <span class='ocrx_word' id='word_1_279' title='bbox 702 3011 764 3065; x_wconf 89' lang='lat' dir='ltr'><strong>F.</strong></span> <span class='ocrx_word' id='word_1_280' title='bbox 805 3012 1113 3065; x_wconf 74' lang='lat' dir='ltr'><strong>Gronovius·</strong></span> <span class='ocrx_word' id='word_1_281' title='bbox 1182 3009 1191 3078; x_wconf 96' lang='grc' dir='ltr'>Ι</span> <span class='ocrx_word' id='word_1_282' title='bbox 1263 3014 1311 3065; x_wconf 88' lang='grc'><strong>8.</strong></span> <span class='ocrx_word' id='word_1_283' title='bbox 1351 3012 1672 3068; x_wconf 87' lang='lat' dir='ltr'><strong>eundeerat.</strong></span> <span class='ocrx_word' id='word_1_284' title='bbox 1744 3010 1754 3080; x_wconf 92' lang='grc' dir='ltr'>Ι</span> <span class='ocrx_word' id='word_1_285' title='bbox 1819 3012 2107 3082; x_wconf 83' lang='lat' dir='ltr'><strong>ingressus</strong></span> <span class='ocrx_word' id='word_1_286' title='bbox 2153 3012 2308 3076; x_wconf 89' lang='lat' dir='ltr'><strong>&lt;est&gt;</strong></span> <span class='ocrx_word' id='word_1_287' title='bbox 2350 3008 2587 3077; x_wconf 74' lang='lat' dir='ltr'><strong>Madviy,</strong></span> 
     </span>
     <span class='ocr_line' id='line_1_31' title="bbox 188 3096 2588 3168; baseline 0.001 -21"><span class='ocrx_word' id='word_1_288' title='bbox 188 3098 283 3148; x_wconf 72' lang='lat' dir='ltr'><strong>sed</strong></span> <span class='ocrx_word' id='word_1_289' title='bbox 314 3098 390 3165; x_wconf 87' lang='lat' dir='ltr'><strong>cf.</strong></span> <span class='ocrx_word' id='word_1_290' title='bbox 437 3096 628 3150; x_wconf 83' lang='lat' dir='ltr'><strong>Hartel</strong></span> <span class='ocrx_word' id='word_1_291' title='bbox 654 3116 713 3167; x_wconf 95' lang='grc' dir='ltr'><strong>Ρ.</strong></span> <span class='ocrx_word' id='word_1_292' title='bbox 749 3097 805 3151; x_wconf 85' lang='grc'><strong>5.</strong></span> <span class='ocrx_word' id='word_1_293' title='bbox 856 3096 865 3165; x_wconf 95' lang='grc' dir='ltr'>Ι</span> <span class='ocrx_word' id='word_1_294' title='bbox 915 3101 963 3152; x_wconf 89' lang='grc'><strong>9.</strong></span> <span class='ocrx_word' id='word_1_295' title='bbox 1001 3100 1167 3166; x_wconf 84' lang='lat' dir='ltr'><strong>regis,</strong></span> <span class='ocrx_word' id='word_1_296' title='bbox 1205 3118 1339 3154; x_wconf 87' lang='lat' dir='ltr'><strong>corr.</strong></span> <span class='ocrx_word' id='word_1_297' title='bbox 1399 3100 1745 3154; x_wconf 69' lang='lat' dir='ltr'><strong>VascosanuS.</strong></span> <span class='ocrx_word' id='word_1_298' title='bbox 1802 3097 1811 3166; x_wconf 94' lang='grc' dir='ltr'>Ι</span> <span class='ocrx_word' id='word_1_299' title='bbox 1867 3099 2290 3165; x_wconf 82' lang='lat' dir='ltr'><strong>exortasuaduo‚</strong></span> <span class='ocrx_word' id='word_1_300' title='bbox 2328 3100 2399 3168; x_wconf 70' lang='lat' dir='ltr'><strong>cf.</strong></span> <span class='ocrx_word' id='word_1_301' title='bbox 2452 3098 2588 3150; x_wconf 74' lang='lat' dir='ltr'><strong>Gitl-</strong></span> 
     </span>
     <span class='ocr_line' id='line_1_32' title="bbox 190 3181 2586 3267; baseline 0.001 -33"><span class='ocrx_word' id='word_1_302' title='bbox 190 3182 355 3236; x_wconf 82' lang='lat' dir='ltr'><strong>bauer</strong></span> <span class='ocrx_word' id='word_1_303' title='bbox 383 3201 444 3253; x_wconf 91' lang='grc' dir='ltr'><strong>Ρ.</strong></span> <span class='ocrx_word' id='word_1_304' title='bbox 488 3182 574 3237; x_wconf 94' lang='grc'><strong>75.</strong></span> <span class='ocrx_word' id='word_1_305' title='bbox 608 3181 617 3249; x_wconf 99' lang='grc' dir='ltr'>Ι</span> <span class='ocrx_word' id='word_1_306' title='bbox 652 3188 733 3238; x_wconf 91' lang='grc'><strong>10.</strong></span> <span class='ocrx_word' id='word_1_307' title='bbox 774 3185 1148 3267; x_wconf 79' lang='lat' dir='ltr'><strong>deduouunt.*</strong></span> <span class='ocrx_word' id='word_1_308' title='bbox 1181 3183 1189 3252; x_wconf 98' lang='grc' dir='ltr'>Ι</span> <span class='ocrx_word' id='word_1_309' title='bbox 1225 3190 1306 3240; x_wconf 94' lang='grc'><strong>11.</strong></span> <span class='ocrx_word' id='word_1_310' title='bbox 1327 3186 1976 3256; x_wconf 87' lang='lat' dir='ltr'><strong>umerussopitusquiexe</strong></span> <span class='ocrx_word' id='word_1_311' title='bbox 1994 3183 2012 3253; x_wconf 94' lang='grc' dir='ltr'><strong>ΙΙ</strong></span> <span class='ocrx_word' id='word_1_312' title='bbox 2028 3185 2586 3255; x_wconf 86' lang='lat' dir='ltr'><strong>mitaprocliuitinde-</strong></span> 
     </span>
    </p>
   </div>
   <div class='ocr_carea' id='block_1_7' title="bbox 188 3284 2587 3721">
    <p class='ocr_par' dir='ltr' id='par_1_8' title="bbox 188 3284 2587 3721">
     <span class='ocr_line' id='line_1_33' title="bbox 190 3284 2587 3362; baseline 0.001 -22"><span class='ocrx_word' id='word_1_313' title='bbox 190 3287 354 3357; x_wconf 85' lang='lat' dir='ltr'><strong>cline,</strong></span> <span class='ocrx_word' id='word_1_314' title='bbox 405 3305 538 3342; x_wconf 87' lang='lat' dir='ltr'><strong>corr.</strong></span> <span class='ocrx_word' id='word_1_315' title='bbox 581 3290 855 3344; x_wconf 79' lang='lat' dir='ltr'><strong>Gitlbauer</strong></span> <span class='ocrx_word' id='word_1_316' title='bbox 882 3310 942 3362; x_wconf 89' lang='grc' dir='ltr'><strong>Ρ.</strong></span> <span class='ocrx_word' id='word_1_317' title='bbox 980 3290 1087 3344; x_wconf 85' lang='lat'><strong>107</strong></span> <span class='ocrx_word' id='word_1_318' title='bbox 1123 3302 1170 3343; x_wconf 78' lang='lat' dir='ltr'><strong>et</strong></span> <span class='ocrx_word' id='word_1_319' title='bbox 1206 3291 1331 3359; x_wconf 88' lang='grc'><strong>115,</strong></span> <span class='ocrx_word' id='word_1_320' title='bbox 1382 3293 1577 3345; x_wconf 84' lang='lat' dir='ltr'><strong>Hartel</strong></span> <span class='ocrx_word' id='word_1_321' title='bbox 1618 3310 1674 3361; x_wconf 84' lang='lat' dir='ltr'><strong>p.</strong></span> <span class='ocrx_word' id='word_1_322' title='bbox 1723 3290 1801 3344; x_wconf 86' lang='lat'><strong>21</strong></span> <span class='ocrx_word' id='word_1_323' title='bbox 1869 3284 2216 3360; x_wconf 85' lang='lat' dir='ltr'><strong>(sopitusque</strong></span> <span class='ocrx_word' id='word_1_324' title='bbox 2271 3307 2342 3344; x_wconf 88' lang='lat' dir='ltr'><strong>ex</strong></span> <span class='ocrx_word' id='word_1_325' title='bbox 2389 3290 2587 3343; x_wconf 87' lang='lat' dir='ltr'><strong>semita</strong></span> 
     </span>
     <span class='ocr_line' id='line_1_34' title="bbox 188 3374 2584 3447; baseline 0.001 -20"><span class='ocrx_word' id='word_1_326' title='bbox 188 3374 429 3443; x_wconf 85' lang='lat' dir='ltr'><strong>proclivi</strong></span> <span class='ocrx_word' id='word_1_327' title='bbox 463 3375 581 3429; x_wconf 85' lang='lat' dir='ltr'><strong>ruit</strong></span> <span class='ocrx_word' id='word_1_328' title='bbox 614 3375 674 3428; x_wconf 90' lang='lat' dir='ltr'><strong>in</strong></span> <span class='ocrx_word' id='word_1_329' title='bbox 712 3376 923 3432; x_wconf 71' lang='lat' dir='ltr'><strong>declive</strong></span> <span class='ocrx_word' id='word_1_330' title='bbox 960 3379 1228 3447; x_wconf 75' lang='lat' dir='ltr'><strong>Kreyssi9‚</strong></span> <span class='ocrx_word' id='word_1_331' title='bbox 1267 3379 1591 3447; x_wconf 88' lang='lat' dir='ltr'><strong>sopitusque</strong></span> <span class='ocrx_word' id='word_1_332' title='bbox 1617 3395 1687 3431; x_wconf 88' lang='lat' dir='ltr'><strong>ex</strong></span> <span class='ocrx_word' id='word_1_333' title='bbox 1712 3378 1911 3432; x_wconf 87' lang='lat' dir='ltr'><strong>semita</strong></span> <span class='ocrx_word' id='word_1_334' title='bbox 1946 3376 2263 3446; x_wconf 87' lang='lat' dir='ltr'><strong>procumbit</strong></span> <span class='ocrx_word' id='word_1_335' title='bbox 2286 3377 2344 3429; x_wconf 93' lang='lat' dir='ltr'><strong>in</strong></span> <span class='ocrx_word' id='word_1_336' title='bbox 2369 3376 2584 3429; x_wconf 85' lang='lat' dir='ltr'><strong>declive</strong></span> 
     </span>
     <span class='ocr_line' id='line_1_35' title="bbox 189 3459 2580 3532; baseline 0 -18"><span class='ocrx_word' id='word_1_337' title='bbox 189 3462 410 3516; x_wconf 79' lang='lat' dir='ltr'><strong>Harant</strong></span> <span class='ocrx_word' id='word_1_338' title='bbox 437 3481 495 3532; x_wconf 88' lang='grc' dir='ltr'><strong>Ρ.</strong></span> <span class='ocrx_word' id='word_1_339' title='bbox 536 3461 697 3529; x_wconf 81' lang='grc'><strong>237).</strong></span> <span class='ocrx_word' id='word_1_340' title='bbox 731 3461 740 3530; x_wconf 98' lang='grc' dir='ltr'>Ι</span> <span class='ocrx_word' id='word_1_341' title='bbox 775 3468 855 3519; x_wconf 88' lang='grc'><strong>12.</strong></span> <span class='ocrx_word' id='word_1_342' title='bbox 897 3469 1241 3531; x_wconf 82' lang='lat' dir='ltr'><strong>congestum.</strong></span> <span class='ocrx_word' id='word_1_343' title='bbox 1277 3462 1285 3531; x_wconf 98' lang='grc' dir='ltr'>Ι</span> <span class='ocrx_word' id='word_1_344' title='bbox 1333 3468 1414 3519; x_wconf 86' lang='grc'><strong>13.</strong></span> <span class='ocrx_word' id='word_1_345' title='bbox 1453 3466 1620 3520; x_wconf 87' lang='lat' dir='ltr'><strong>turba</strong></span> <span class='ocrx_word' id='word_1_346' title='bbox 1656 3468 1775 3519; x_wconf 83' lang='lat' dir='ltr'><strong>add.</strong></span> <span class='ocrx_word' id='word_1_347' title='bbox 1815 3466 2006 3518; x_wconf 71' lang='grc' dir='ltr'><em>Παντεῖ</em></span> <span class='ocrx_word' id='word_1_348' title='bbox 2040 3468 2073 3518; x_wconf 81' lang='grc' dir='ltr'><strong>ἰ.</strong></span> <span class='ocrx_word' id='word_1_349' title='bbox 2112 3467 2148 3517; x_wconf 83' lang='lat' dir='ltr'><strong>l.</strong></span> <span class='ocrx_word' id='word_1_350' title='bbox 2183 3463 2192 3529; x_wconf 99' lang='grc' dir='ltr'>Ι</span> <span class='ocrx_word' id='word_1_351' title='bbox 2224 3464 2527 3517; x_wconf 77' lang='lat' dir='ltr'><strong>cedentem.</strong></span> <span class='ocrx_word' id='word_1_352' title='bbox 2572 3459 2580 3528; x_wconf 98' lang='grc' dir='ltr'>Ι</span> 
     </span>
     <span class='ocr_line' id='line_1_36' title="bbox 193 3547 2582 3623; baseline 0 -22"><span class='ocrx_word' id='word_1_353' title='bbox 193 3553 273 3603; x_wconf 88' lang='lat'><strong>14.</strong></span> <span class='ocrx_word' id='word_1_354' title='bbox 315 3567 451 3605; x_wconf 88' lang='lat' dir='ltr'><strong>cons</strong></span> <span class='ocrx_word' id='word_1_355' title='bbox 468 3547 488 3618; x_wconf 96' lang='grc' dir='ltr'><strong>ΙΙ</strong></span> <span class='ocrx_word' id='word_1_356' title='bbox 506 3551 943 3620; x_wconf 85' lang='lat' dir='ltr'><strong>tarinpauidus*,</strong></span> <span class='ocrx_word' id='word_1_357' title='bbox 987 3571 1122 3607; x_wconf 85' lang='lat' dir='ltr'><strong>corr.</strong></span> <span class='ocrx_word' id='word_1_358' title='bbox 1151 3553 1420 3621; x_wconf 73' lang='lat' dir='ltr'><strong>Kreyssiy,</strong></span> <span class='ocrx_word' id='word_1_359' title='bbox 1455 3555 1611 3623; x_wconf 81' lang='lat' dir='ltr'><strong>prob.</strong></span> <span class='ocrx_word' id='word_1_360' title='bbox 1663 3553 1854 3605; x_wconf 84' lang='lat' dir='ltr'><strong>Hartel</strong></span> <span class='ocrx_word' id='word_1_361' title='bbox 1897 3551 2243 3618; x_wconf 74' lang='lat' dir='ltr'><strong>(constante-r</strong></span> <span class='ocrx_word' id='word_1_362' title='bbox 2289 3550 2582 3618; x_wconf 81' lang='lat' dir='ltr'><strong>inpavidus</strong></span> 
     </span>
     <span class='ocr_line' id='line_1_37' title="bbox 188 3635 2582 3721; baseline -0 -32"><span class='ocrx_word' id='word_1_363' title='bbox 188 3640 266 3690; x_wconf 83' lang='lat' dir='ltr'><strong>ed.</strong></span> <span class='ocrx_word' id='word_1_364' title='bbox 306 3638 440 3690; x_wconf 75' lang='lat' dir='ltr'><strong>Bas.</strong></span> <span class='ocrx_word' id='word_1_365' title='bbox 497 3636 694 3704; x_wconf 84' lang='lat'><em>1531.)</em></span> <span class='ocrx_word' id='word_1_366' title='bbox 746 3636 754 3705; x_wconf 98' lang='grc' dir='ltr'>Ι</span> <span class='ocrx_word' id='word_1_367' title='bbox 806 3643 886 3693; x_wconf 88' lang='lat'><strong>15.</strong></span> <span class='ocrx_word' id='word_1_368' title='bbox 942 3639 1258 3693; x_wconf 84' lang='lat' dir='ltr'><strong>maceriem.</strong></span> <span class='ocrx_word' id='word_1_369' title='bbox 1313 3635 1321 3704; x_wconf 98' lang='grc' dir='ltr'>Ι</span> <span class='ocrx_word' id='word_1_370' title='bbox 1375 3641 1457 3693; x_wconf 91' lang='grc'><strong>16.</strong></span> <span class='ocrx_word' id='word_1_371' title='bbox 1513 3638 1637 3721; x_wconf 76' lang='lat' dir='ltr'><strong>add.</strong></span> <span class='ocrx_word' id='word_1_372' title='bbox 1691 3635 1700 3705; x_wconf 96' lang='grc' dir='ltr'>Ι</span> <span class='ocrx_word' id='word_1_373' title='bbox 1751 3641 1831 3692; x_wconf 90' lang='grc'><strong>18.</strong></span> <span class='ocrx_word' id='word_1_374' title='bbox 1888 3639 2086 3706; x_wconf 87' lang='lat' dir='ltr'><strong>adque.</strong></span> <span class='ocrx_word' id='word_1_375' title='bbox 2138 3635 2147 3704; x_wconf 98' lang='grc' dir='ltr'>Ι</span> <span class='ocrx_word' id='word_1_376' title='bbox 2197 3652 2582 3705; x_wconf 78' lang='lat' dir='ltr'><strong>exconprenso</strong></span> 
     </span>
    </p>
   </div>
   <div class='ocr_carea' id='block_1_8' title="bbox 186 3737 2583 3988">
    <p class='ocr_par' dir='ltr' id='par_1_9' title="bbox 186 3737 2583 3988">
     <span class='ocr_line' id='line_1_38' title="bbox 187 3737 2575 3813; baseline -0 -18"><span class='ocrx_word' id='word_1_377' title='bbox 187 3737 281 3806; x_wconf 82' lang='lat' dir='ltr'><strong>(ne</strong></span> <span class='ocrx_word' id='word_1_378' title='bbox 306 3759 638 3811; x_wconf 88' lang='lat' dir='ltr'><strong>comprenso</strong></span> <span class='ocrx_word' id='word_1_379' title='bbox 663 3746 740 3796; x_wconf 87' lang='lat' dir='ltr'><strong>ed.</strong></span> <span class='ocrx_word' id='word_1_380' title='bbox 779 3743 908 3797; x_wconf 86' lang='lat' dir='ltr'><strong>Bas.</strong></span> <span class='ocrx_word' id='word_1_381' title='bbox 949 3743 1145 3808; x_wconf 78' lang='lat'><strong>1531),</strong></span> <span class='ocrx_word' id='word_1_382' title='bbox 1182 3761 1254 3797; x_wconf 89' lang='lat' dir='ltr'><strong>ne</strong></span> <span class='ocrx_word' id='word_1_383' title='bbox 1280 3760 1348 3797; x_wconf 89' lang='lat' dir='ltr'><strong>ex</strong></span> <span class='ocrx_word' id='word_1_384' title='bbox 1376 3759 1688 3813; x_wconf 85' lang='lat' dir='ltr'><strong>conprenso</strong></span> <span class='ocrx_word' id='word_1_385' title='bbox 1714 3745 1982 3813; x_wconf 73' lang='lat' dir='ltr'><strong>Kreyssiy.</strong></span> <span class='ocrx_word' id='word_1_386' title='bbox 2017 3741 2026 3809; x_wconf 99' lang='grc' dir='ltr'>Ι</span> <span class='ocrx_word' id='word_1_387' title='bbox 2061 3744 2142 3795; x_wconf 89' lang='grc'><strong>19.</strong></span> <span class='ocrx_word' id='word_1_388' title='bbox 2184 3741 2525 3795; x_wconf 82' lang='lat' dir='ltr'><strong>occiderunt.</strong></span> <span class='ocrx_word' id='word_1_389' title='bbox 2566 3737 2575 3806; x_wconf 99' lang='grc' dir='ltr'>Ι</span> 
     </span>
     <span class='ocr_line' id='line_1_39' title="bbox 187 3824 2583 3899; baseline 0 -18"><span class='ocrx_word' id='word_1_390' title='bbox 187 3830 271 3883; x_wconf 80' lang='grc'><strong>20.</strong></span> <span class='ocrx_word' id='word_1_391' title='bbox 297 3831 854 3899; x_wconf 84' lang='lat' dir='ltr'><strong>tollentesoppidum.</strong></span> <span class='ocrx_word' id='word_1_392' title='bbox 907 3829 917 3897; x_wconf 95' lang='grc' dir='ltr'>Ι</span> <span class='ocrx_word' id='word_1_393' title='bbox 969 3835 1052 3886; x_wconf 85' lang='grc'><strong>22.</strong></span> <span class='ocrx_word' id='word_1_394' title='bbox 1080 3835 1461 3885; x_wconf 86' lang='lat' dir='ltr'><strong>remanentem</strong></span> <span class='ocrx_word' id='word_1_395' title='bbox 1485 3828 1789 3897; x_wconf 84' lang='lat' dir='ltr'><strong>(remeante</strong></span> <span class='ocrx_word' id='word_1_396' title='bbox 1808 3832 1938 3884; x_wconf 80' lang='lat' dir='ltr'><strong>coni.</strong></span> <span class='ocrx_word' id='word_1_397' title='bbox 1964 3827 2301 3897; x_wconf 74' lang='lat' dir='ltr'><strong>Heusinqer).</strong></span> <span class='ocrx_word' id='word_1_398' title='bbox 2349 3825 2358 3894; x_wconf 98' lang='grc' dir='ltr'>Ι</span> <span class='ocrx_word' id='word_1_399' title='bbox 2401 3824 2583 3890; x_wconf 64' lang='grc' dir='ltr'>ηἰοίιοῖΙ</span> 
     </span>
     <span class='ocr_line' id='line_1_40' title="bbox 186 3915 1395 3988; baseline 0 -17"><span class='ocrx_word' id='word_1_400' title='bbox 186 3935 326 3985; x_wconf 89' lang='lat' dir='ltr'><strong>rum,</strong></span> <span class='ocrx_word' id='word_1_401' title='bbox 363 3920 436 3988; x_wconf 70' lang='lat' dir='ltr'><strong>(ff.</strong></span> <span class='ocrx_word' id='word_1_402' title='bbox 481 3917 759 3971; x_wconf 82' lang='lat' dir='ltr'><strong>G&#39;itlbauer</strong></span> <span class='ocrx_word' id='word_1_403' title='bbox 792 3936 848 3987; x_wconf 88' lang='grc' dir='ltr'><strong>Ρ.</strong></span> <span class='ocrx_word' id='word_1_404' title='bbox 891 3917 974 3972; x_wconf 87' lang='grc'><strong>75,</strong></span> <span class='ocrx_word' id='word_1_405' title='bbox 1011 3915 1019 3984; x_wconf 98' lang='grc' dir='ltr'>Ι</span> <span class='ocrx_word' id='word_1_406' title='bbox 1052 3918 1395 3986; x_wconf 86' lang='lat' dir='ltr'><strong>acpronulla.</strong></span> 
     </span>
    </p>
   </div>
   <div class='ocr_carea' id='block_1_9' title="bbox 2307 4021 2372 4072">
    <p class='ocr_par' dir='ltr' id='par_1_10' title="bbox 2307 4021 2372 4072">
     <span class='ocr_line' id='line_1_41' title="bbox 2307 4021 2372 4072; baseline 0 -19"><span class='ocrx_word' id='word_1_407' title='bbox 2307 4021 2372 4072; x_wconf 81' lang='lat'><strong>2*</strong></span> 
     </span>
    </p>
   </div>
  </div>
 </body>
</html>
