3005 4257
365 139 448 200 38
922 152 1150 204 LIBER
1187 151 1390 221 XLIV.
1429 151 1594 205 CAP.
1635 151 1721 204 26.
1764 153 1837 219 [a.
1878 152 1944 206 U.
1984 168 2030 204 c.
2071 151 2197 220 586]

366 351 510 394 cum
578 329 851 394 dimidia
917 329 1245 412 copiarum
1312 335 1496 412 parte
1562 329 1946 402 denuntiare
2012 350 2127 411 per
2188 328 2369 394 vicos
2434 330 2779 412 urbesque,

363 439 533 501 quae
589 420 736 484 viae
793 419 1191 502 propinquae
1248 425 1414 499 sunt,
1480 418 1709 502 coepit,
1773 425 1844 482 ut
1909 424 2305 482 commeatus
2372 419 2778 501 expedirent,

299 525 324 567 6
363 508 684 586 frumenti,
731 509 887 588 vini,
936 528 1238 590 pecorum
1287 519 1356 571 ut
1405 508 1597 591 copia
1635 511 1831 572 esset.
1888 507 2028 590 ipse
2087 528 2285 589 equos
2342 508 2778 591 phalerasque

364 604 429 661 et
476 599 709 680 sagula
765 597 1000 660 donum
1058 597 1460 680 principibus
1508 596 1674 660 ferre
1731 604 1794 660 et
1849 617 2118 678 parvom
2167 597 2324 674 auri,
2381 597 2553 678 quod
2607 598 2779 661 inter

300 705 324 748 7
362 706 609 770 paucos
685 686 1021 766 divideret,
1098 686 1570 750 multitudinem
1638 686 1908 751 credens
1982 686 2153 749 trahi
2220 707 2333 769 spe
2398 706 2610 770 posse.
2687 687 2776 751 ad
2845 702 2871 744 5

362 776 707 840 Almanam
753 777 974 840 urbem
1022 775 1319 859 pervenit
1366 781 1428 838 et
1473 775 1541 838 in
1588 775 1732 858 ripa
1778 774 2057 839 fluminis
2104 776 2230 839 Axi
2276 776 2496 858 posuit
2544 783 2775 842 castra.

365 866 537 930 circa
602 865 1023 930 Desudabam
1088 865 1154 927 in
1212 864 1509 929 Maedica
1580 865 1902 929 exercitus
1968 865 2297 929 Gallorum
2366 866 2772 945 consederat,

299 972 325 1015 s
364 955 727 1019 mercedem
766 962 1024 1037 pactam
1065 954 1427 1036 opperiens,
1478 973 1552 1017 eo
1593 954 1785 1017 mittit
1822 953 2234 1036 Antigonum,
2282 973 2363 1018 ex
2401 956 2775 1038 purpuratis

362 1064 576 1124 unum,
625 1044 734 1124 qui
771 1043 1019 1107 iuberet
1065 1042 1544 1107 multitudinem
1595 1042 1925 1108 Gallorum
1975 1043 2058 1106 ad
2098 1043 2414 1126 Bylazora
2452 1081 2539 1090 —
2573 1044 2774 1108 Paeo-

364 1133 514 1196 niae
580 1133 636 1196 is
701 1132 879 1196 locus
947 1140 1043 1197 est
1109 1169 1192 1177 ——
1252 1139 1467 1196 castra
1536 1151 1807 1211 movere,
1873 1131 2200 1214 principes
2267 1133 2349 1196 ad
2415 1152 2484 1196 se
2550 1134 2774 1197 venire
2812 1145 2867 1188 10

363 1223 745 1303 frequentes.
795 1221 1210 1304 septuaginta
1249 1221 1533 1302 quinque
1574 1220 1756 1284 milia
1796 1221 1878 1284 ab
1916 1220 2083 1285 Axio
2130 1220 2394 1286 flumine
2434 1231 2496 1285 et
2544 1222 2777 1287 castris

300 1328 327 1370 9
363 1313 537 1394 regis
587 1311 872 1374 aberant.
932 1310 1094 1373 haec
1142 1310 1450 1373 mandata
1507 1310 1591 1373 ad
1640 1330 1749 1373 eos
1797 1329 1941 1374 cum
1998 1311 2366 1392 pertulisset
2411 1311 2777 1393 Antigonus

363 1399 853 1480 adiecissetque,
928 1417 1042 1481 per
1115 1405 1420 1481 quantam
1489 1399 1773 1462 omnium
1847 1406 2298 1482 praeparatam
2374 1420 2528 1464 cura
2601 1400 2777 1483 regis

365 1490 618 1573 copiam
667 1488 817 1552 ituri
862 1487 1091 1568 forent,
1139 1488 1500 1570 quibusque
1549 1488 1923 1554 muneribus
1970 1489 2297 1572 principes
2345 1489 2773 1554 advenientes

363 1577 585 1658 vestis,
633 1578 885 1660 argenti
934 1596 1370 1659 equorumque
1420 1584 1807 1660 excepturus
1854 1597 1969 1642 rex
2009 1586 2195 1660 esset,
2244 1579 2323 1643 de
2360 1578 2463 1643 his
2510 1579 2868 1659 quidem·15

272 1688 325 1730 10
364 1688 434 1732 se
472 1687 687 1730 coram
729 1667 1098 1749 cognituros
1137 1666 1546 1750 respondent,
1581 1667 1765 1747 illud,
1806 1669 1980 1747 quod
2008 1687 2317 1750 praesens
2353 1668 2779 1750 pepigissent,

364 1758 778 1838 interrogant,
834 1755 1062 1836 ecquid
1115 1776 1358 1836 aurum,
1416 1755 1587 1836 quod
1635 1756 1701 1819 in
1750 1756 2036 1839 singulos
2092 1756 2342 1839 pedites
2399 1757 2778 1839 equitesque

276 1866 327 1907 11
369 1846 790 1910 dividendum
840 1852 1030 1927 esset,
1077 1865 1295 1909 secum
1345 1845 1735 1909 advexisset.
1786 1865 1928 1909 cum
1978 1845 2059 1908 ad
2109 1846 2176 1910 id
2222 1846 2382 1909 nihil
2429 1847 2777 1929 responde-

364 1942 556 2014 retur,
621 1935 988 2014 ClondicuS,
1063 1936 1322 2016 regulus
1389 1954 1626 2015 eorum,
1695 1935 1865 2017 „abi,
1942 1937 2239 1998 renuntia
2305 1942 2495 2017 ergo“
2569 1937 2780 2017 inquit

372 2025 568 2107 „regi,
618 2025 742 2087 nisi
792 2044 1015 2088 aurum
1064 2024 1455 2103 obsidesque
1506 2024 1756 2106 accepti
1805 2024 1948 2102 sint,
1994 2044 2312 2105 nusquam
2361 2025 2515 2088 inde
2552 2026 2779 2090 Gallos
2816 2035 2872 2077 20

277 2134 328 2175 12
367 2115 623 2198 longius
672 2113 1019 2196 vestigium
1069 2115 1412 2178 moturos“
1464 2112 1628 2177 haec
1668 2113 1874 2178 relata
1923 2114 2058 2195 regi
2107 2135 2249 2178 cum
2300 2122 2533 2196 essent,
2578 2115 2777 2180 advo-

581 2452 631 2503 2.
671 2450 1144 2519 propriaquaesut
1179 2467 1353 2518 supra
1379 2451 1660 2519 posterius
1697 2467 1734 2504 u
1772 2451 1979 2518 scripto
2015 2468 2069 2504 n.
2129 2452 2136 2518 Ι
2196 2453 2248 2504 4.
2288 2467 2537 2519 paruom,
2577 2467 2778 2518 parum

363 2539 443 2592 ed.
484 2540 621 2592 Bas.
661 2543 826 2607 1531,
867 2556 1101 2607 parvum
1140 2540 1358 2607 pondus
1398 2542 1539 2594 coni.
1585 2540 1984 2608 Weissenborn,
2023 2540 2119 2593 sed
2164 2540 2235 2607 cf.
2271 2539 2505 2608 Madvig]
2540 2541 2663 2594 Em.
2704 2540 2778 2595 L.

352 2647 415 2697 p.
460 2630 592 2683 696.
630 2630 637 2696 Ι
670 2628 974 2697 quosinter.
1008 2629 1025 2696 Ι
1051 2630 1100 2681 7.
1138 2628 1715 2697 inmodicaexercitus,
1756 2645 1894 2683 corr.
1932 2629 2013 2683 ed.
2053 2630 2187 2682 Bas.
2225 2632 2385 2681 1531.
2428 2630 2436 2697 Ι
2478 2630 2528 2681 8.
2565 2644 2778 2683 merce-

365 2720 680 2785 demcapta.
715 2718 723 2786 Ι
759 2717 1117 2771 anticoanum
1149 2735 1215 2770 eoe
1246 2717 1603 2772 anticuanuln
1633 2735 1770 2772 corr.
1805 2719 1814 2786 Ι
1847 2719 1897 2772 9.
1928 2718 2287 2788 abbylazora.
2322 2719 2330 2786 Ι
2366 2719 2450 2772 10.
2478 2718 2778 2772 hislocum-

364 2812 466 2863 est.
501 2810 508 2875 Ι
544 2808 628 2861 13.
666 2805 1874 2879 adiecissetquaeperquemquantallomnium,
1913 2807 2323 2876 adiecissetque
2370 2823 2469 2875 per
2505 2812 2779 2875 quantam

363 2897 608 2951 omnium
643 2897 877 2966 Madvi9
921 2897 1044 2949 Em.
1084 2896 1152 2949 L.
1181 2914 1245 2964 p.
1297 2900 1414 2949 697
1462 2896 1892 2966 (adiecissetque
1939 2913 2040 2964 per
2086 2896 2234 2951 viam
2282 2900 2495 2964 quanta
2530 2896 2778 2950 omnium

363 2987 444 3040 ed.
482 2988 621 3040 Bas.
668 2991 818 3054 1531,
868 3002 967 3053 per
1015 2987 1164 3040 viam
1212 2990 1480 3055 quantam
1530 2987 1771 3039 omnium
1818 2986 2205 3040 Weissenborn
2248 2987 2310 3039 in
2356 2986 2435 3039 ed.
2484 2986 2729 3053 Teubn.).
2764 2986 2773 3055 Ι

362 3074 1653 3148 praeparatamcuraregisllcopiamintuliforent,
1710 3081 2103 3144 praeparatam
2160 3092 2292 3129 cura
2347 3075 2496 3143 regis
2551 3073 2774 3141 copiam

362 3165 493 3218 ituri
531 3165 716 3219 forent
752 3164 987 3233 Madv-iq
1025 3165 1059 3218 l.
1102 3166 1153 3232 l.,
1193 3166 1264 3233 ef.
1311 3164 1605 3218 Gitlbauer
1631 3181 1692 3232 p.
1737 3168 1814 3217 77
1852 3168 2211 3233 (praeparata
2256 3180 2389 3218 cura
2426 3164 2574 3233 regis
2610 3164 2780 3231 copia

362 3253 708 3307 multitudini
744 3253 893 3307 foret
931 3254 1011 3307 eol.
1049 3255 1186 3307 Bas.
1224 3257 1384 3321 1531,
1423 3259 1819 3321 praeparatam
1860 3270 1994 3307 cura
2033 3254 2181 3322 regis
2227 3253 2445 3321 copiam
2492 3252 2778 3307 inventuri

361 3344 545 3395 forent
590 3342 974 3396 Weissenborn
1011 3344 1047 3395 l.
1085 3344 1159 3410 L).
1194 3344 1201 3408 Ι
1238 3344 1321 3395 15.
1360 3342 1788 3411 uestigargenti.
1831 3343 1839 3409 Ι
1885 3344 1968 3395 17.
2008 3343 2217 3411 etquid.
2252 3345 2259 3409 Ι
2304 3342 2387 3395 18.
2428 3341 2777 3408 adduxisset,

362 3432 686 3487 aduexisset
721 3432 772 3485 I.
810 3432 882 3485 F.
927 3432 1256 3486 Gronovius.
1316 3433 1324 3500 Ι
1386 3434 1470 3485 19.
1510 3432 1853 3486 clondicus.
1905 3433 1912 3496 Ι
1965 3429 2776 3500 abirennlltiaergoinquidregi,

364 3522 518 3576 abire
575 3522 942 3590 nuntiareque
999 3522 1161 3575 iussit
1218 3521 1339 3590 regi
1392 3521 1632 3589 Madvig
1676 3522 1800 3574 Em.
1848 3520 1918 3572 L.
1963 3537 2024 3587 p.
2080 3524 2211 3588 697,
2266 3520 2361 3573 sed
2416 3519 2485 3586 ef.
2540 3518 2778 3572 Harant

350 3628 413 3679 p.
455 3614 593 3664 274.
628 3612 635 3679 Ι
669 3611 755 3663 20.
796 3610 1160 3679 accepissent,
1202 3610 1417 3678 accepti
1457 3610 1571 3663 sint
1608 3610 1845 3663 Harant
1894 3611 1928 3663 l.
1970 3612 2023 3676 l.,
2051 3610 2214 3677 prob.
2252 3608 2330 3661 H.
2370 3609 2420 3661 Ι.
2458 3608 2669 3662 Mallem*
2712 3608 2778 3661 in

363 3700 490 3753 adn.
531 3701 609 3753 ed.
661 3699 959 3754 Weissenb.
1001 3717 1057 3768 p.
1105 3704 1221 3768 119,
1270 3700 1589 3767 acceperint
1633 3700 1686 3752 Ι.
1733 3699 1804 3752 F.
1860 3699 2189 3764 Gronovius,
2235 3698 2437 3752 Novak
2480 3714 2542 3764 p.
2592 3699 2772 3767 2234

360 3791 444 3842 21.
487 3789 766 3843 aduocati.
801 3790 809 3857 Ι
