3005 4257
429 148 511 211 28
998 147 1218 201 LIBER
1253 148 1418 201 XLII.
1457 148 1608 201 CAP.
1647 151 1729 200 24.
1769 151 1851 200 25.
1893 145 1963 214 [a.
2003 148 2067 202 U.
2107 164 2152 201 c.
2191 144 2315 212 582]

426 319 595 385 unde
639 319 810 384 nihil
841 341 1188 400 emanasse,
1228 326 1676 404 praeterquam
1713 319 1965 401 legatos
2011 318 2275 384 occultis
2322 338 2465 382 cum
2501 318 2819 382 mandatis

375 427 402 464 4
428 409 693 473 Romam
738 406 918 471 mitti.
973 428 1118 471 eam
1163 426 1422 471 causam
1467 404 1668 470 fuisse
1715 405 1881 490 patri
1926 405 2214 470 mittendi
2263 425 2332 471 se
2378 405 2662 484 Romam,
2713 403 2818 486 qui

426 494 876 579 deprecaretur
935 501 1243 573 senatum,
1304 514 1385 558 ne
1455 492 1610 573 quid
1663 493 2099 557 communibus
2166 491 2436 556 inimicis
2492 491 2817 555 criminan-

425 580 591 646 tibus
638 601 707 646 se
769 580 1108 660 crederent,
1163 599 1352 662 quem
1398 580 1477 644 ob
1537 580 1777 643 nullam
1820 577 2011 643 aliam
2070 599 2329 643 causam
2387 578 2509 643 nisi
2560 583 2819 663 propter

373 686 398 725 5
426 673 821 732 constantem
850 667 1042 730 fidem
1073 687 1227 748 erga
1272 667 1578 751 populum
1608 667 1963 731 Romanum
2008 665 2306 731 odissent.
2355 665 2455 729 his
2500 664 2814 745 utrimque
2827 681 2874 753 ‚5

425 754 659 818 auditis
706 761 981 833 senatus,
1031 752 1110 818 de
1142 752 1480 837 postulatis
1515 752 2143 835 Carthaginiensium
2190 752 2531 832 consultus,
2563 770 2816 835 respon-

371 860 396 899 e
424 841 560 906 deri
598 840 687 905 ita
723 840 938 905 iussit:
981 840 1318 905 Gulussam
1355 839 1609 925 placere
1642 840 1963 924 extemplo
1992 839 2059 903 in
2090 838 2460 903 Numidiam
2504 837 2817 923 proficisci

372 947 395 986 τ
426 934 490 992 et
535 926 823 992 nuntiare
868 926 1054 1012 patri,
1101 934 1170 990 ut
1216 925 1296 992 de
1328 926 1426 1007 iis,
1476 926 1555 989 de
1589 926 1823 1008 quibus
1858 925 2421 1008 Carthaginienses
2454 932 2815 1007 querantur,

427 1016 674 1096 legatos
722 1034 912 1096 quam
962 1013 1236 1097 primum
1287 1013 1371 1077 ad
1432 1020 1721 1077 senatum
1788 1012 1999 1077 mittat
2058 1013 2512 1093 denuntietque
2559 1009 2816 1076 Cartha-

425 1100 837 1182 giniensibus,
884 1107 954 1164 ut
998 1101 1083 1165 ad
1134 1100 1622 1185 disceptandum
1667 1099 1944 1165 veniant.
2009 1120 2076 1164 se
2130 1099 2277 1180 alia,
2325 1119 2488 1181 quae
2535 1105 2814 1181 possent,
2849 1115 2900 1154 10

425 1187 802 1252 Masinissae
848 1183 1105 1252 honoris
1153 1206 1351 1251 causa
1397 1194 1460 1250 et
1508 1185 1738 1252 fecisse
1786 1193 1849 1250 et
1880 1186 2158 1250 facturos
2206 1206 2381 1270 esse3
2431 1184 2529 1250 ius
2568 1184 2814 1267 gratiae

371 1292 396 1330 8
423 1294 553 1339 non
601 1271 771 1339 dare.
835 1293 1080 1356 agrum,
1145 1293 1271 1355 qua
1330 1273 1637 1352 cuiusque
1685 1272 1785 1354 sit,
1847 1272 2160 1356 possideri
2206 1272 2396 1352 velle,
2442 1292 2561 1336 nec
2613 1290 2815 1336 novos

371 1379 394 1417 9
424 1367 700 1426 statuere
761 1360 939 1440 fineS,
987 1361 1103 1425 sed
1147 1368 1397 1424 veteres
1450 1359 1788 1424 observare
1848 1359 1914 1422 in
1967 1359 2179 1424 animo
2225 1358 2480 1423 habere.
2556 1357 2815 1422 Cartha-

423 1446 817 1530 giniensibus
862 1446 1048 1512 victis
1110 1466 1178 1511 se
1227 1452 1291 1510 et
1349 1445 1572 1510 urbem
1632 1453 1695 1510 et
1741 1466 1932 1528 agros
1994 1445 2403 1526 concessisse,
2465 1464 2591 1508 non
2637 1452 2705 1508 ut
2750 1443 2816 1508 in

422 1554 582 1616 pace
651 1533 967 1617 eriperent
1025 1554 1142 1617 per
1201 1532 1515 1613 iniuriam,
1580 1552 1742 1614 quae
1802 1533 1936 1597 iure
2004 1531 2156 1598 belli
2216 1552 2343 1596 non
2402 1530 2811 1597 ademissent.
2845 1548 2897 1587 1⁵

344 1640 395 1678 ιο
423 1623 513 1685 ita
556 1621 818 1702 regulus
864 1618 1555 1702 Carthaginiensesque
1589 1618 1853 1686 dimissi.
1899 1639 2165 1683 munera
2210 1639 2294 1683 ex
2337 1618 2623 1683 instituto
2663 1617 2815 1682 data

421 1706 721 1789 utrisque,
769 1706 1023 1787 aliaque
1071 1706 1410 1790 hospitalia
1455 1706 1720 1771 comiter
1770 1707 2216 1787 [eon]se1·vata.

370 1828 391 1866 1
628 1810 832 1875 XXV.
884 1811 1014 1876 Sub
1045 1810 1218 1875 idem
1256 1816 1509 1895 tempus
1556 1809 1667 1874 Cn.
1717 1808 2023 1874 Servilius
2072 1807 2319 1894 Caepio
2350 1808 2473 1893 Ap.
2508 1806 2813 1874 Claudius

424 1897 668 1963 Centho
698 1898 769 1966 T.
805 1897 1049 1962 Annius
1082 1898 1324 1961 Luscus
1356 1896 1555 1979 legati
1595 1897 1680 1960 ad
1723 1916 1825 1960 res
1856 1895 2238 1980 repetendas
2270 1896 2336 1959 in
2371 1895 2815 1960 Macedoniam

367 2001 392 2038 2
420 1984 1028 2067 renuntiandamque
1075 1984 1421 2048 amicitiam
1479 1983 1620 2066 regi
1680 1983 1859 2048 missi
1904 1982 2259 2066 redierunt;
2333 1981 2442 2064 qui
2499 1982 2628 2045 iam
2693 2002 2814 2046 sua
2840 1997 2894 2036 20

420 2077 646 2158 sponte
670 2071 972 2137 infestum
993 2071 1212 2136 Persei
1237 2077 1528 2136 senatum
1556 2070 1815 2156 insuper
1845 2069 2291 2151 accenderunt,
2325 2068 2542 2134 relatis
2568 2067 2811 2149 ordine,

365 2173 391 2211 3
420 2179 582 2240 quae
628 2158 936 2224 vidissent
989 2178 1284 2241 quaeque
1345 2158 1704 2223 audissent:
1753 2155 1994 2222 vidisse
2057 2176 2125 2221 se
2187 2177 2303 2241 per
2355 2176 2574 2221 omnes
2620 2155 2811 2221 urbes

420 2245 841 2309 Macedonum
872 2265 1117 2310 summa
1161 2245 1226 2309 vi
1256 2245 1468 2328 parari
1507 2243 1759 2309 bellum.
1794 2264 1938 2308 cum
1967 2243 2052 2308 ad
2098 2264 2320 2325 regem
2348 2242 2809 2327 pervenissent,

699 2389 743 2438 1.
803 2385 952 2438 unde
1011 2370 1316 2454 praeterea,
1377 2387 1623 2438 lacunam
1681 2386 1727 2437 72.
1789 2386 1822 2437 l.
1885 2386 2252 2437 animadvertit
2330 2383 2572 2448 Clericus,
2654 2402 2811 2452 quam

415 2472 815 2524 Drakenborcki
882 2473 1177 2524 coniectura
1262 2472 1458 2540 explevi
1549 2469 1647 2540 (cf.
1720 2472 1875 2523 etiam
1945 2470 2166 2539 Madviy
2237 2472 2313 2523 ed.
2361 2488 2419 2539 Ρ.
2492 2468 2567 2523 61
2604 2468 2807 2536 adn.)l

417 2562 466 2611 2.
490 2558 1086 2640 quiidepraecaretur*.
1105 2555 1114 2625 Ι
1144 2562 1192 2612 3.
1208 2558 1365 2611 inimi
1379 2555 1398 2625 ΙΙ
1412 2556 2385 2639 citiscriminantuibusseromamque
2397 2553 2414 2622 ΙΙ
2427 2557 2549 2623 ob*,
2570 2557 2705 2609 inim
2712 2557 2814 2610 icis

417 2661 840 2716 criminantibus
881 2678 939 2715 se
983 2662 1291 2729 crederent,
1347 2679 1513 2729 quem
1555 2663 1627 2715 ob
1680 2665 1756 2715 ed.
1801 2664 1926 2715 Bas.
1970 2660 2121 2715 1531
2175 2660 2327 2727 (num
2380 2661 2814 2730 committerent,

419 2784 584 2833 quem
620 2764 726 2820 ob*
742 2766 806 2831 ?).
856 2763 864 2832 Ι
913 2768 961 2819 5.
1000 2748 1761 2834 constantenfidemperg‘affi.
1800 2782 1833 2848 o
1854 2762 1869 2833 ΙΙ
1890 2765 2190 2820 odissent*
2214 2762 2373 2831 linter
2392 2765 2639 2819 odissent
2657 2774 2705 2817 et
2724 2764 2813 2818 his

414 2880 548 2939 spat.
585 2887 692 2922 vac.
731 2868 768 2923 9
804 2872 898 2923 litt.
935 2872 1046 2921 sine
1098 2871 1256 2923 ras.*.
1328 2869 1338 2935 1
1410 2870 1709 2936 utrumq.*.
1785 2867 1795 2936 Ι
1861 2872 1908 2923 6.
1950 2869 2744 2937 Cartaginiensiumconsultis.
2801 2867 2807 2934 Ι

415 2957 767 3024 respondere,
822 2974 955 3009 corr.
1009 2956 1312 3009 DouiatiuS.
1363 2954 1371 3021 Ι
1421 2958 1470 3008 8.
1510 2956 1971 3022 Cartaginienses.
2023 2954 2031 3023 Ι
2084 2960 2164 3010 10.
2206 2973 2266 3010 se
2320 2955 2610 3023 aliquem*,
2668 2972 2726 3009 se
2765 2956 2815 3009 si

416 3044 629 3110 aliquid
649 3043 823 3110 Hertz,
844 3042 891 3096 si
909 3042 1121 3110 aliquid
1139 3045 1216 3096 ed.
1230 3043 1358 3096 Bas,
1381 3041 1545 3111 1531,
1563 3060 1621 3097 se
1634 3044 1758 3110 alia,
1773 3060 1913 3110 quae
1930 3045 2301 3112 Weissenborn,
2323 3044 2536 3096 Harant
2546 3062 2604 3112 Ρ.
2632 3041 2769 3096 239.
2802 3039 2810 3108 Ι

419 3134 498 3182 11.
536 3127 1279 3211 Mallsissehosnoriscausa*.
1313 3126 1321 3194 Ι
1357 3132 1436 3182 12.
1477 3129 1629 3196 quod
1649 3129 1916 3197 cuiusque
1942 3130 2015 3183 sit
2039 3132 2170 3183 coni.
2199 3130 2413 3183 Harant
2428 3148 2483 3198 p.
2510 3128 2645 3182 239.
2680 3127 2688 3195 Ι
2725 3132 2809 3183 13.

414 3236 742 3287 statuerent.
778 3231 786 3300 Ι
818 3233 1120 3301 obseruari,
1157 3251 1292 3287 corr.
1335 3234 1382 3287 I.
1426 3234 1489 3286 F.
1522 3233 1816 3287 Gronovius
1854 3232 1951 3302 (cf.
1995 3234 2211 3302 Madvig]
2247 3235 2367 3287 Em.
2404 3234 2468 3287 L.
2501 3251 2557 3302 Ρ.
2595 3231 2757 3299 631).
2802 3231 2812 3300 Ι

419 3323 498 3373 14.
534 3320 1230 3386 urbesetagrosconcisisse
1257 3317 1354 3389 (cf.
1385 3319 1659 3372 Gitlbauer
1691 3338 1744 3387 Ρ.
1773 3318 1889 3386 75),
1934 3338 2067 3373 corr.
2097 3323 2174 3373 ed.
2201 3322 2331 3373 Bas,
2370 3317 2535 3372 1531.
2568 3316 2577 3385 Ι
2614 3322 2693 3373 15.
2727 3320 2814 3372 in-

413 3406 655 3473 iuriamq
676 3432 687 3444 ·
708 3406 843 3460 iure.
878 3405 886 3474 Ι
919 3406 1284 3460 admisissent.
1320 3403 1328 3472 Ι
1363 3408 1443 3459 16.
1470 3404 2041 3474 Cartaginiensesque.
2076 3403 2085 3473 Ι
2121 3409 2200 3459 17.
2230 3405 2814 3473 comitercoseruata*,

415 3492 645 3547 comiter
681 3497 901 3546 seruata
940 3491 1042 3556 (vel
1077 3490 1390 3558 observata)
1417 3493 1795 3545 Drakenborch
1831 3495 1886 3545 in
1923 3493 2077 3546 adn*
2115 3520 2183 3529 —
2219 3495 2355 3546 inter
2390 3494 2522 3545 hanc
2556 3510 2727 3546 vocem
2764 3504 2815 3546 et

414 3580 517 3633 sub
541 3596 760 3631 vacuum
776 3582 1003 3649 spatium
1029 3589 1101 3632 est
1121 3577 1192 3630 10
1190 3580 1316 3648 fere
1334 3581 1430 3632 litt.
1450 3580 1561 3631 sine
1579 3579 1738 3632 ras.*.
1771 3577 1779 3646 Ι
1815 3582 1897 3634 19.
1926 3579 2116 3645 CentO,
2144 3579 2356 3633 Centho
2380 3581 2645 3647 Sicyonius.
2680 3577 2688 3645 Ι
2722 3583 2811 3633 20.

414 3665 576 3734 regis,
620 3663 628 3732 Ι
673 3666 925 3733 quiaiam.
976 3664 984 3733 Ι
1034 3667 1117 3719 21.
1156 3666 1405 3720 infestus
1454 3663 1462 3732 Ι
1512 3666 1717 3732 Persei,
1767 3667 1839 3736 cf.
1880 3666 2109 3735 Georyes
2158 3667 2347 3735 Wortf.
2378 3685 2435 3735 Ρ.
2474 3664 2589 3719 516
2628 3666 2812 3731 (Persi

414 3754 490 3804 ecl.
527 3753 657 3807 Bas.
696 3751 860 3821 1531,
902 3752 1104 3806 Perseo
1142 3754 1210 3804 D.
1250 3749 1536 3817 Heinsius).
1586 3750 1595 3819 Ι
1643 3756 1726 3805 22.
1768 3769 1873 3819 que
1906 3749 1915 3819 Ι
1948 3752 2693 3820 quequeaudentuidissese*‚
2733 3755 2810 3822 cf.

417 3838 688 3894 Gitlbauer
769 3859 827 3909 Ρ.
896 3838 974 3893 65
1044 3849 1091 3892 et
1164 3838 1288 3893 113.
1322 3837 1331 3906 Ι
1363 3840 1445 3893 23.
1491 3837 1555 3894 sfi
1578 3837 1796 3905 !{1niui*.
