3005 4257
444 177 527 241 32
1001 178 1221 233 LIBER
1256 179 1420 232 XLII.
1461 179 1614 232 CAP.
1653 182 1737 232 27.
1775 182 1857 233 28.
1899 178 1968 247 [a.
2007 182 2072 236 U.
2112 199 2157 235 c.
2198 177 2322 246 582]

447 348 512 412 in
557 348 892 415 navalibus
938 351 1178 417 Romae
1227 351 1576 431 subductis,
1625 371 1788 434 quae
1839 360 2102 437 possent
2145 353 2289 417 usui
2342 372 2504 433 esse,
2551 352 2845 418 reficeret

396 454 420 491 2
447 442 825 519 pararetque
884 459 1079 504 naves
1142 437 1622 522 quinquaginta.
1694 439 1747 503 si
1809 439 1959 520 quid
2012 439 2097 503 ad
2156 459 2300 503 eum
2358 459 2688 504 numerum
2737 461 2844 505 ex-

445 522 747 606 plendum
801 523 1073 607 deesset,
1124 526 1192 591 C.
1237 524 1539 589 Memmio
1587 525 1877 608 collegae
1950 526 2016 591 in
2063 525 2348 593 Siciliam
2395 526 2721 605 scriberet,
2769 535 2840 590 ut

447 629 576 689 eas,
634 629 797 691 quae
842 611 907 675 in
964 612 1185 678 Sicilia
1243 631 1441 676 naves
1504 619 1738 692 essent,
1785 612 2072 678 reficeret
2130 620 2320 694 atque
2367 612 2717 697 expediret,
2767 620 2839 677 ut

391 713 416 750 3
444 695 851 761 Brundisium
896 699 1100 782 primo
1147 717 1397 782 quoque
1443 704 1729 783 tempore
1775 699 1937 763 mitti
1982 708 2261 785 possent.
2317 700 2523 764 socios
2569 700 2836 765 navales
2864 720 2888 759 5

442 782 723 848 libertini
770 785 1008 850 ordinis
1055 787 1121 849 in
1166 785 1395 867 viginti
1427 792 1489 849 et
1537 785 1816 869 quinque
1879 807 2077 852 naves
2125 807 2203 851 ex
2250 785 2494 851 civibus
2526 786 2834 851 Romanis

444 867 511 935 O.
564 870 842 935 Licinius
888 881 1143 956 praetor
1175 871 1450 937 scribere
1497 872 1738 955 iussus3
1789 873 1854 935 in
1901 875 2178 956 quinque
2226 881 2290 937 et
2335 873 2564 955 viginti
2610 892 2835 957 parem

440 977 771 1021 numerum
830 957 944 1022 Cn.
995 959 1268 1024 Sicinius
1330 958 1520 1023 sociis
1579 959 1953 1044 impera1·et;
2016 961 2187 1025 idem
2232 967 2486 1044 praetor
2542 960 2834 1043 peditum

439 1052 582 1108 octo
628 1043 821 1125 milia,
856 1044 1356 1128 quadringentos
1382 1047 1619 1129 equites
1648 1045 1730 1109 ab
1762 1046 1950 1111 sociis
1976 1047 2184 1112 Latini
2225 1046 2496 1110 nominis
2522 1046 2830 1129 exigeret.

383 1147 409 1183 4
438 1130 609 1195 hunc
634 1130 899 1196 militem
930 1132 1038 1214 qui
1061 1131 1361 1196 Brundisi
1394 1132 1713 1216 acciperet
1743 1140 1933 1215 atque
1965 1133 2031 1197 in
2063 1133 2506 1199 Macedoniam
2536 1133 2835 1213 mitteret,
2864 1153 2908 1191 ιο

436 1217 515 1280 A.
564 1216 796 1282 Atilius
862 1218 1191 1298 Serranus,
1252 1219 1361 1301 qui
1421 1219 1629 1302 priore
1689 1240 1855 1283 anno
1915 1227 2169 1305 praetor
2228 1219 2455 1300 fuerat,
2510 1219 2835 1302 deligitur.

386 1319 410 1356 5
438 1304 550 1367 On.
588 1302 861 1369 Sicinius
892 1312 1146 1389 praetor
1176 1311 1245 1369 ut
1278 1306 1622 1370 exercitum
1654 1311 1948 1390 paratum
1985 1305 2069 1371 ad
2098 1305 2518 1372 traiciendum
2547 1306 2836 1387 haberet,

445 1391 512 1455 G.
582 1390 830 1474 Popilio
899 1392 1144 1456 consuli
1211 1411 1293 1455 ex
1355 1392 1730 1457 auctoritate
1796 1399 2053 1458 senatus
2112 1394 2179 1458 G.
2237 1392 2516 1458 Licinius
2582 1400 2839 1478 praetor

442 1477 679 1557 scribit,
725 1485 793 1541 ut
839 1485 903 1543 et
948 1478 1264 1561 legionem
1318 1478 1682 1559 secundam,
1732 1499 1896 1561 quae
1925 1500 2222 1544 maxume
2266 1486 2569 1544 veterana
2626 1479 2693 1543 in
2739 1480 2836 1544 Li·

440 1563 700 1645 guribus
748 1570 902 1645 erat,
951 1573 1014 1629 et
1059 1588 1137 1629 eoe
1181 1564 1369 1630 sociis
1416 1564 1624 1630 Latini
1669 1566 1939 1631 nominis
1972 1574 2268 1649 quattuor
2312 1567 2487 1630 milia
2522 1565 2830 1650 peditum,
2863 1583 2906 1622 15

388 1675 411 1711 6
441 1650 743 1715 ducentos
791 1651 1036 1733 equites
1081 1651 1290 1717 idibus
1344 1652 1709 1717 Februariis
1753 1652 2051 1718 Brundisi
2111 1653 2340 1718 adesse
2385 1653 2647 1718 iuberet.
2711 1653 2833 1718 hac

440 1738 645 1802 classe
691 1744 756 1802 et
808 1736 930 1803 hoc
975 1738 1256 1804 exercitu
1310 1739 1423 1804 Gn.
1472 1739 1745 1804 Sicinius
1804 1739 2194 1824 provinciam
2242 1739 2685 1805 Macedoniam
2732 1741 2830 1806 ob·

438 1824 662 1905 tinere,
710 1824 911 1890 donec
971 1845 1301 1891 successor
1358 1825 1622 1906 veniret,
1668 1826 1895 1907 iussuS,
1959 1833 2269 1910 porogato
2328 1827 2395 1890 in
2445 1846 2679 1890 annum
2725 1827 2833 1891 im-

438 1911 633 1995 perio.
686 1932 764 1976 ea
809 1912 1038 1993 omnia,
1087 1933 1251 1995 quae
1303 1920 1559 1978 senatus
1620 1913 1884 1992 censuit,
1930 1913 2179 1998 inpigre
2240 1914 2411 1977 facta
2456 1921 2617 1977 sunt.
2684 1913 2830 1978 duo-

389 2021 409 2058 7
440 1997 950 2081 dequadraginta
1010 1999 1492 2081 quinqueremes
1554 2020 1633 2063 ex
1692 2000 2023 2064 navalibus
2077 1998 2421 2083 deductae;
2486 1998 2594 2080 qui
2640 1998 2830 2064 dedu·
2857 2017 2907 2056 20

437 2093 607 2150 ceret
654 2106 764 2151 eas
810 2085 1234 2167 Brundisium,
1283 2086 1352 2151 L.
1400 2086 1663 2152 Porcius
1710 2087 1964 2153 Licinus
2011 2087 2442 2172 praepositus3
2493 2085 2830 2153 duodecim

387 2193 408 2232 s
437 2193 516 2236 ex
564 2172 782 2237 Sicilia
826 2173 1076 2238 missae.
1125 2172 1208 2237 ad
1261 2173 1642 2238 fiumentum
1686 2173 1876 2239 classi
1936 2174 2369 2258 exercituique
2413 2173 2827 2239 coemendum

436 2259 498 2321 in
546 2258 845 2342 Apuliam
889 2259 1374 2340 Calabriamque
1419 2268 1547 2325 tres
1595 2261 1790 2342 legati
1836 2261 2032 2339 missi,
2083 2260 2231 2326 Sex.
2279 2259 2562 2343 Digitius
2606 2262 2681 2325 T.
2730 2262 2826 2325 Iu-

434 2345 685 2410 ventius
732 2347 817 2410 M.
865 2345 1204 2411 Caecilius,
1251 2346 1336 2410 ad
1381 2347 1593 2411 omnia
1637 2356 2019 2432 praeparata
2071 2348 2184 2412 Cn.
2232 2347 2506 2413 Sicinius
2552 2355 2823 2431 praetor,

434 2432 774 2517 paludatus
821 2452 901 2497 ex
947 2433 1101 2498 urbe
1147 2433 1490 2518 profectus,
1537 2434 1943 2498 Brundisium
1990 2435 2183 2499 venit.
2855 2449 2908 2489 2⁵

383 2540 404 2577 1
640 2518 956 2583 XXVIII.
1004 2519 1196 2583 Exitu
1276 2540 1475 2604 prope
1559 2520 1707 2584 anni
1779 2521 1844 2585 C.
1917 2520 2200 2606 Popilius
2268 2520 2487 2586 consul
2555 2520 2827 2586 Romam

433 2604 620 2669 rediit
665 2605 990 2686 aliquanto
1028 2606 1248 2690 seriuS‚
1288 2627 1476 2688 quam
1523 2617 1779 2670 senatus
1804 2616 2155 2688 censuerat,
2191 2607 2290 2672 cui
2321 2606 2524 2691 primo
2572 2628 2823 2690 quoque

430 2700 718 2776 tempore
765 2693 1173 2774 magistratus
1222 2693 1441 2774 creari,
1490 2713 1632 2757 cum
1677 2701 1922 2758 tantum
1965 2695 2205 2759 bellum
2249 2694 2625 2775 immineret,
2675 2715 2710 2759 e
2756 2715 2824 2760 re

380 2799 403 2836 2
431 2778 686 2861 publica
731 2778 936 2843 visum
982 2787 1136 2843 erat.
1187 2779 1402 2862 itaque
1447 2799 1575 2844 non
1621 2780 1915 2845 secundis
1969 2782 2226 2846 auribus
2273 2788 2523 2864 patrum
2568 2780 2823 2846 auditus

642 2922 685 2969 1.
738 2915 1415 2986 subdilltisquepossent,*
1473 2921 1547 2989 cf.
1610 2920 1875 2974 Gitlbauer
1918 2938 1976 2989 p.
2029 2920 2115 2974 75.
2172 2918 2181 2988 Ι
2235 2924 2284 2974 4.
2341 2918 2825 2989 queinsicillliam-

430 3004 832 3059 nauesessem*.
883 3001 891 3070 Ι
938 3006 988 3059 4.
1027 3006 1222 3072 adque.
1273 3002 1283 3072 Ι
1331 3009 1380 3060 6.
1419 3006 1611 3059 liberti
1647 3004 1893 3072 (navales
1930 3023 2000 3059 ex
2037 3007 2250 3060 civibus
2273 3006 2537 3061 Romanis
2574 3006 2823 3062 libertini

428 3091 929 3161 ordinisinviginti
943 3098 999 3147 et
1013 3094 1440 3160 quinquenaves
1456 3095 1866 3160 οἰ.ΧΧΧΧΙΙΙ,
1896 3094 1987 3162 12,
2007 3094 2187 3150 9coni.
2214 3094 2404 3161 Koch.)
2438 3093 2447 3163 Ι
2480 3099 2526 3149 7.
2550 3095 2780 3150 Licinio.
2808 3092 2817 3163 Ι

427 3180 476 3231 9.
515 3179 729 3245 equites
782 3182 904 3233 add.
943 3183 1021 3232 ed.
1061 3181 1189 3232 Bas,
1248 3179 1411 3233 1531.
1463 3177 1472 3246 Ι
1521 3181 1751 3235 acsociis
1806 3179 1861 3248 (a
1909 3182 2071 3235 sociis
2123 3185 2198 3235 ecl.
2254 3183 2382 3235 Bas.
2432 3180 2628 3248 1531),
2684 3199 2818 3235 corr.

428 3265 694 3334 Kreyssiy.
730 3263 739 3332 Ι
774 3270 854 3320 10.
874 3270 1178 3333 acceperet.
1215 3265 1223 3332 Ι
1255 3268 1448 3334 adque.
1474 3267 1480 3335 Ι
1510 3272 1588 3323 11.
1612 3268 1866 3322 Seranus.
1891 3266 1900 3336 Ι
1927 3269 2197 3336 12.quiut,
2215 3269 2310 3336 qui
2328 3271 2405 3322 ed.
2424 3269 2549 3321 Bas,
2572 3266 2739 3337 1531,
2759 3273 2821 3322 ut

428 3353 692 3420 Kreyssiq.
728 3351 736 3419 Ι
768 3353 1090 3420 parandum.
1124 3351 1132 3419 Ι
1168 3357 1248 3406 14.
1288 3353 1451 3421 que-1
1487 3358 1568 3408 15.
1608 3360 1663 3409 et
1687 3356 1847 3424 socis,
1887 3360 1942 3409 et
1980 3356 2157 3410 socios
2195 3359 2271 3409 ed.
2298 3358 2426 3423 Bae,
2465 3353 2629 3419 1531,
2670 3360 2725 3409 et
2750 3373 2821 3409 ex

426 3439 589 3493 sociis
638 3440 997 3492 Weissenborn
1036 3438 1116 3506 (et
1152 3458 1181 3494 e
1220 3441 1385 3494 sociis
1421 3442 1644 3510 Made-2¹9
1682 3443 1801 3496 Em.
1841 3443 1906 3497 L.
1935 3461 1994 3512 p.
2022 3440 2154 3508 635,
2195 3448 2250 3496 et
2276 3443 2488 3497 socium
2513 3443 2558 3494 I.
2585 3442 2648 3495 F.
2679 3442 2819 3495 Gro-

423 3523 639 3592 novius).
694 3524 703 3592 Ι
751 3528 829 3580 16.
865 3526 2004 3596 Brundisiadessehacclasseiuberetethoe,
2043 3546 2176 3581 corr.
2204 3532 2279 3582 ed.
2319 3529 2448 3583 Bas.
2490 3526 2652 3582 1531.
2694 3525 2704 3596 Ι
2736 3531 2817 3582 19.

426 3631 546 3680 que.
597 3610 606 3679 Ι
654 3613 890 3680 inpigro.
941 3611 948 3680 Ι
996 3615 1083 3667 20.
1141 3615 1393 3668 deducta.
1444 3611 1453 3681 Ι
1501 3618 1585 3668 21.
1644 3633 1751 3670 eos.
1801 3614 1811 3683 Ι
1859 3615 2120 3682 Licinius,
2192 3633 2328 3668 corr.
2382 3617 2645 3682 Sicyonius
2690 3611 2816 3680 123.

423 3700 864 3754 missisedieitius
888 3704 945 3753 ·t
967 3728 976 3737 ·
998 3701 1166 3755 iuben
1186 3699 1201 3767 ΙΙ
1220 3701 1382 3755 tius*
1416 3698 1425 3767 Ι
1457 3705 1541 3756 27.
1591 3702 1751 3756 redit.
1785 3699 1793 3768 Ι
1827 3706 2050 3755 senatus
2106 3704 2226 3754 add.
2281 3703 2359 3755 ed.
2413 3702 2536 3754 Bas,
2595 3698 2760 3754 1531.
2803 3698 2812 3769 Ι

424 3788 505 3839 28.
544 3786 1185 3854 imminererepulsfierat
1204 3785 1558 3857 (immineret,
1583 3788 1793 3842 iussum
1820 3792 1940 3842 erat
1964 3790 2041 3840 ecl.
2071 3789 2197 3840 Bas,
2227 3785 2421 3855 1531),
2446 3805 2582 3841 corr.
2609 3788 2817 3840 Bekker

364 3915 367 3918 .
425 3872 777 3940 (immineret,
814 3874 999 3928 visum
1038 3879 1158 3928 erat
1198 3872 1447 3940 Cre‘vier).
1483 3875 1491 3941 Ι
1525 3876 1794 3929 auditum.
