3005 4257
753 192 971 246 LIBER
1007 193 1173 246 XLII.
1215 194 1365 248 CAP.
1403 197 1485 248 28.
1527 193 1598 261 [a.
1636 197 1701 250 U.
1741 212 1786 249 c.
1826 194 1949 262 582]
2507 197 2593 261 33

195 371 288 428 est
332 364 576 444 consul,
626 384 771 428 cum
822 364 886 428 in
945 364 1107 430 aede
1153 364 1457 430 Bellonae
1504 366 1583 431 de
1644 366 1831 431 rebus
1877 366 1944 429 in
2005 364 2342 449 Liguribus
2389 369 2589 451 gestis

194 449 551 515 dissereret.
628 450 1156 517 succlamationes
1225 452 1591 535 frequentes
1668 458 1847 518 erant
1913 453 2589 538 interrogationesque,
2618 477 2643 516 3

194 557 304 601 cur
349 536 592 602 seclere
627 537 836 601 fratris
870 558 1208 638 oppressos
1240 539 1562 621 Ligures
1545 561 1609 603 1n
1641 539 1996 605 libertatem
2035 559 2159 604 non
2190 541 2587 607 restituisset.

194 624 452 689 comitia
496 624 874 706 consularia,
922 624 986 688 in
1020 645 1210 707 quam
1257 625 1468 691 edicta
1516 634 1694 691 erant
1725 626 1913 707 diem,
1959 634 2108 691 ante
2154 626 2323 692 diem
2356 627 2587 694 duode·
2619 652 2645 689 4

143 727 166 765 5
192 710 426 776 cimum
494 711 642 775 Kal.
706 713 967 776 Martias
1036 721 1182 777 sunt
1239 712 1474 777 habita.
1549 713 1745 778 creati
1812 714 2102 778 consules
2170 714 2246 777 Ρ.
2313 714 2589 780 Licinius
2619 737 2644 775 5

190 797 459 875 Crassus
505 797 573 862 C.
609 798 867 864 Cassius
914 799 1257 882 Longinus.
1305 807 1561 883 postero
1608 800 1737 866 die
1755 806 2083 884 praetores
2130 800 2283 865 facti
2330 801 2397 865 C.
2452 803 2591 868 Sul-

189 884 394 969 picius
441 883 650 950 Galba
702 886 774 950 L.
820 886 1048 950 Furius
1094 885 1315 950 Philus
1369 887 1439 950 L.
1488 886 1830 951 Canuleius
1891 886 2090 951 Dives
2139 887 2206 953 C.
2256 888 2587 953 Lucretius

191 971 428 1035 Gallus
489 972 557 1037 C.
607 971 906 1038 Caninius
967 963 1225 1039 Rebilus
1286 973 1357 1049 L.
1405 972 1636 1038 Villius
1682 973 1967 1038 Annalis.
2037 973 2139 1039 his
2192 975 2587 1058 praetoribus
2618 998 2641 1035 6

188 1057 555 1143 provinciae
629 1059 946 1138 decretae,
1015 1059 1178 1125 duae
1253 1060 1387 1124 iure
1462 1061 1707 1125 Romae
1782 1058 2070 1140 dicend0,
2148 1061 2461 1145 Hispania
2527 1070 2614 1127 et

118 1163 163 1200 ¹0
194 1145 415 1211 Sicilia
460 1153 525 1210 et
572 1146 889 1227 Sardinia,
933 1153 1002 1210 ut
1061 1146 1171 1209 uni
1224 1166 1360 1212 sors
1419 1146 1672 1229 integra
1716 1152 1906 1226 esset,
1971 1166 2095 1228 quo
2141 1156 2398 1217 senatus
2449 1168 2590 1213 cen-

190 1232 441 1297 suisset.
492 1233 856 1299 consulibus
902 1232 1254 1316 designatis
1300 1233 1639 1317 imperavit
1686 1241 1962 1314 senatus,
2009 1242 2094 1314 ut,
2140 1254 2266 1317 qua
2311 1233 2415 1299 die
2461 1256 2585 1299 ma·
2618 1259 2639 1295 τ

189 1318 530 1401 gistratum
590 1319 872 1400 inissent,
933 1318 1157 1384 hostiis
1225 1320 1570 1385 maioribus
1631 1320 1748 1384 rite
1807 1321 2102 1385 mactatis
2160 1330 2588 1406 precarentur,

187 1413 274 1486 ut,
325 1406 496 1486 quod
541 1406 779 1471 bellum
823 1407 1099 1491 populus
1152 1407 1477 1471 Romanus
1522 1407 1589 1471 in
1648 1407 1858 1471 animo
1903 1406 2168 1472 haberet
2227 1427 2469 1489 gerere,
2518 1416 2589 1473 ut

186 1493 644 1577 id-prosperum
675 1493 975 1558 eveniret.
1011 1492 1234 1558 eodem
1252 1493 1357 1557 die
1375 1493 1663 1559 decrevit
1680 1501 1959 1574 senatus,
1979 1494 2047 1559 C.
2062 1494 2346 1578 Popilius
2366 1496 2585 1560 consul
2615 1518 2640 1556 s

115 1595 161 1633 1⁵
187 1578 375 1644 ludos
408 1600 522 1662 per
552 1579 688 1645 dies
736 1579 955 1644 decem
988 1580 1129 1645 Iovi
1176 1588 1434 1664 optumo
1465 1601 1763 1645 maxumo
1797 1581 1954 1662 fieri
1996 1589 2259 1646 voveret
2290 1581 2589 1664 donaque

189 1667 362 1731 circa
408 1666 617 1730 omnia
646 1665 1005 1750 pulvinaria
1051 1665 1206 1748 dari,
1257 1668 1446 1733 sires
1477 1667 1736 1752 publica
1768 1667 1990 1731 decem
2021 1688 2220 1732 annos
2267 1668 2331 1731 in
2365 1668 2592 1735 eodem

189 1760 360 1817 statu
406 1753 651 1818 fuisset.
709 1754 799 1817 ita
843 1759 916 1817 ut
976 1759 1373 1835 censuerant,
1421 1753 1487 1817 in
1532 1753 1847 1838 Capitolio
1893 1754 2069 1819 vovit
2114 1755 2355 1835 consul,
2403 1755 2589 1820 ludos
2619 1778 2643 1815 9

188 1839 327 1904 fieri
387 1838 681 1921 donaque
742 1839 898 1921 dari,
950 1846 1190 1922 quanta
1250 1862 1331 1904 ex
1389 1841 1662 1924 pecunia
1723 1840 2044 1906 decresset
2104 1850 2381 1922 senatus,
2445 1862 2589 1906 cum

190 1933 445 1991 centum
498 1933 561 1991 et
623 1926 1084 2009 quinquaginta
1143 1948 1268 1992 non
1335 1928 1544 1992 minus
1604 1927 1923 1992 adessent.
1992 1934 2337 2011 praeeunte
2396 1930 2593 1994 verba

114 2029 161 2065 20
190 2013 438 2096 Lepido
483 2013 776 2097 pontifice
823 2034 1121 2078 maxumo
1165 2013 1232 2077 id
1276 2021 1493 2078 votum
1542 2021 1910 2096 susceptum
1956 2021 2073 2079 est.

399 2155 494 2218 Eo
541 2175 706 2219 anno
753 2154 1116 2220 sacerdotes
1168 2154 1408 2240 publici
1453 2155 1682 2218 mortui
1745 2155 1813 2218 L.
1863 2153 2174 2218 Aemilius
2219 2156 2435 2237 Papus
2482 2154 2585 2219 de·
2615 2177 2664 2215 ιο

186 2240 430 2306 cemvir
475 2260 797 2306 sacrorum
829 2248 892 2306 et
939 2242 1012 2318 Q.
1054 2241 1316 2306 Fulvius
1348 2240 1621 2306 Flaccus
1653 2241 1957 2325 pontifeX,
2010 2241 2118 2321 qui
2163 2241 2371 2325 priore
2416 2262 2583 2307 anno

185 2328 398 2393 fuerat
445 2347 684 2392 censor.
732 2327 837 2392 hic
884 2328 1077 2393 foeda
1120 2336 1320 2393 mort-e
1365 2328 1573 2413 periit.
1634 2349 1714 2392 ex
1774 2328 2018 2393 duobus
2077 2328 2221 2392 filiis
2269 2328 2422 2408 eiUS,
2477 2330 2584 2409 qui
2614 2349 2661 2386 ιι

185 2424 322 2479 tum
366 2414 434 2477 in
479 2414 740 2497 Illyrico
786 2414 1162 2494 militabant,
1193 2415 1567 2496 nuntiatum,
1608 2416 1875 2479 alterum
1923 2416 2270 2495 decessisse,
2304 2415 2585 2478 alterum

111 2516 159 2554 25
184 2501 373 2584 gravi
420 2509 484 2566 et
536 2501 894 2585 periculoso
960 2503 1181 2567 morbo
1241 2521 1506 2585 aegrum
1561 2521 1723 2566 esse.
1794 2501 2000 2566 obruit
2066 2502 2342 2565 animum
2397 2501 2586 2567 simul
2614 2522 2662 2559 12

185 2590 397 2654 luctus
489 2594 853 2671 metusque:
952 2609 1139 2653 mane
1245 2588 1522 2671 ingressi
1626 2588 1988 2652 cubiculum
2079 2587 2246 2653 servi
2349 2589 2584 2668 laqueo

473 2786 517 2835 1.
554 2782 826 2835 inaedem.
878 2778 887 2847 Ι
937 2785 983 2834 3.
1023 2797 1339 2849 oppressus
1408 2778 1417 2847 Ι
1471 2784 1522 2835 4.
1597 2769 2232 2848 inquamdeuictaerant.
2286 2777 2294 2846 Ι
2349 2780 2583 2847 diemad,

186 2887 351 2951 diem,
406 2903 451 2938 a.
492 2886 542 2938 d.
583 2887 842 2953 Sicyonius
901 2883 909 2951 Ι
964 2888 1012 2939 5.
1052 2870 1204 2939 00ss
1209 2912 1220 2923 ·
1241 2885 1473 2937 licinius
1498 2882 1516 2950 ΙΙ
1540 2883 1819 2952 grassus*.
1854 2881 1862 2950 Ι
1895 2886 1943 2937 6.
1984 2883 2583 2950 ΟεεεὶῃίιιεΙοῑιςὶηιιε.Ι

185 2978 233 3028 7.
287 2990 335 3026 c.
388 2973 662 3026 lucretius
712 2990 757 3025 c.
811 2972 1298 3026 caniniusreuilus.
1333 2969 1341 3036 Ι
1375 2973 1424 3025 8.
1464 2972 1502 3024 1.
1555 2971 1964 3024 iuniusannalis
2003 2966 2085 3034 (L.
2136 2970 2311 3023 Iulius
2346 2970 2585 3023 Annalis

183 3065 260 3114 ed.
324 3061 455 3113 Bos.
518 3057 683 3125 1531,
755 3060 826 3129 cf.
904 3059 1177 3111 Gitlbctuer
1231 3078 1286 3127 p.
1360 3057 1479 3124 44),
1543 3058 1603 3111 L.
1678 3058 1881 3110 Villius
1951 3056 2187 3109 Annalis
2248 3057 2507 3123 ›Si-(sonim.
2573 3053 2581 3122 Ι

184 3153 231 3202 9.
284 3147 408 3200 iure
464 3143 557 3216 (cf.
604 3147 833 3214 Georges
893 3146 1084 3214 Wortf.
1127 3143 1273 3208 371).
1311 3142 1328 3211 ΙΙ
1366 3145 1645 3225 Romaie*.
1701 3142 1711 3210 Ι
1768 3148 1847 3196 11.
1888 3143 2586 3210 designatisenimperauit.

162 3252 195 3315 ·Ι
238 3254 323 3305 12.
362 3250 632 3304 hostibus,
688 3247 697 3315 Ι
751 3255 1168 3317 praecarentur.
1226 3247 1234 3315 Ι
1292 3251 1374 3302 13.
1414 3254 1477 3302 ut
1514 3259 1636 3302 ante
1660 3249 1717 3300 id
1742 3249 1838 3300 del.
1878 3247 2136 3299 Pithoeus,
2180 3243 2189 3312 Ι
2244 3249 2321 3298 14.
2362 3251 2588 3297 senatus

180 3338 316 3403 <ut>
365 3338 424 3391 C.
464 3339 594 3390 coni.
637 3334 856 3389 Cre‘vier.
907 3335 913 3403 Ι
966 3339 1045 3389 15.
1085 3340 1583 3390 maxumououeret
1636 3337 1763 3398 eod„
1805 3334 2040 3401 Madvig),
2088 3349 2348 3385 maxumo
2396 3331 2587 3394 <fieri>

182 3429 419 3478 voveret
473 3424 518 3476 I.
574 3423 894 3476 Perizonius.
950 3420 959 3482 Ι
1017 3426 1098 3475 16.
1160 3422 1625 3490 puluinariadari,
1681 3420 2002 3489 pulvinaria
2057 3420 2175 3473 dari
2231 3419 2278 3471 si
2331 3421 2407 3470 ed.
2457 3419 2583 3470 Bos.

185 3509 355 3578 1531,
406 3510 728 3578 pulvinaria
787 3509 836 3563 si
893 3510 1113 3577 Madm'y
1174 3510 1292 3563 Em.
1344 3510 1406 3562 L.
1450 3528 1508 3577 p.
1566 3506 1731 3561 635&
1789 3505 1797 3574 Ι
1863 3508 2012 3561 eode.
2070 3504 2078 3572 Ι
2136 3507 2215 3557 18.
2255 3505 2585 3570 donarique-

185 3599 312 3652 dari
364 3596 730 3664 (donariaque
781 3596 897 3649 dari
947 3599 1023 3649 ed.
1074 3598 1203 3648 Bas‘.
1254 3594 1449 3663 1531),
1499 3612 1634 3648 corr.
1693 3595 1913 3662 stladviy
1960 3595 1992 3646 Z.
2043 3590 2233 3658 l.119.
2283 3592 2581 3659 praeunde.

186 3683 196 3753 Ι
238 3688 326 3740 23.
374 3685 542 3753 perit.
583 3683 594 3748 Ι
637 3687 720 3736 24.
769 3683 1145 3755 tuminlyrico.
1200 3680 1208 3748 Ι
1265 3682 1585 3746 decessisse,
1633 3682 1870 3733 alterum
1931 3683 2051 3732 add.
2107 3682 2183 3732 ed.
2245 3680 2367 3730 Bas.
2437 3676 2585 3728 1:531

188 3773 287 3840 (cf.
338 3774 453 3827 Val.
491 3772 641 3825 Max.
681 3772 727 3838 I,
765 3770 814 3837 1,
852 3770 931 3823 20
961 3789 1017 3839 p.
1047 3768 1118 3822 10
1138 3771 1368 3839 Kempf,·
1414 3774 1713 3837 mortuum,
1754 3769 1993 3821 alterum
2018 3768 2186 3835 suppl.
2227 3765 2584 3817 IsVeaezesenborn.

188 3866 265 3915 ed.
309 3861 503 3913 Teubn.
536 3860 716 3928 praef.
751 3877 806 3926 p.
844 3858 1006 3923 XII).
1043 3856 1050 3922 Ι
1083 3861 1165 3910 25.
1202 3862 1629 3922 morteaegrum.

296 3978 488 4021 Liviu
506 3988 530 4020 s
557 3988 673 4030 pars
700 3976 801 4018 vn.
830 3976 947 4018 fasc.
975 3976 1034 4017 Π.
1062 3975 1224 4018 Editio
1252 3974 1423 4017 maior.
2307 3957 2337 4005 3
