<?xml version="1.0" encoding="UTF-8"?>
<!DOCTYPE html PUBLIC "-//W3C//DTD XHTML 1.0 Transitional//EN"
    "http://www.w3.org/TR/xhtml1/DTD/xhtml1-transitional.dtd">
<html xmlns="http://www.w3.org/1999/xhtml" xml:lang="en" lang="en">
 <head>
  <title>
</title>
<meta http-equiv="Content-Type" content="text/html;charset=utf-8" />
  <meta name='ocr-system' content='tesseract 3.04.00' />
  <meta name='ocr-capabilities' content='ocr_page ocr_carea ocr_par ocr_line ocrx_word'/>
</head>
<body>
  <div class='ocr_page' id='page_1' title='image "./tliviaburbecond01zinggoog_0068.png"; bbox 0 0 3005 4257; ppageno 0'>
   <div class='ocr_carea' id='block_1_1' title="bbox 352 136 2188 227">
    <p class='ocr_par' dir='ltr' id='par_1_1' title="bbox 352 136 2188 227">
     <span class='ocr_line' id='line_1_1' title="bbox 352 136 2188 227; baseline 0 -15"><span class='ocrx_word' id='word_1_1' title='bbox 352 162 438 227; x_wconf 82' lang='lat'><strong>50</strong></span> <span class='ocrx_word' id='word_1_2' title='bbox 991 160 1213 214; x_wconf 82' lang='lat' dir='ltr'>LIBER</span> <span class='ocrx_word' id='word_1_3' title='bbox 1247 160 1413 213; x_wconf 77' lang='lat' dir='ltr'><strong>xm.</strong></span> <span class='ocrx_word' id='word_1_4' title='bbox 1452 136 1605 213; x_wconf 75' lang='lat' dir='ltr'><strong>oAP.</strong></span> <span class='ocrx_word' id='word_1_5' title='bbox 1642 163 1725 212; x_wconf 88' lang='lat'><strong>41.</strong></span> <span class='ocrx_word' id='word_1_6' title='bbox 1768 157 1836 226; x_wconf 80' lang='lat' dir='ltr'><strong>[a.</strong></span> <span class='ocrx_word' id='word_1_7' title='bbox 1873 160 1939 213; x_wconf 86' lang='lat' dir='ltr'><strong>U.</strong></span> <span class='ocrx_word' id='word_1_8' title='bbox 1979 175 2024 211; x_wconf 75' lang='grc' dir='ltr'><strong>ο.</strong></span> <span class='ocrx_word' id='word_1_9' title='bbox 2062 155 2188 224; x_wconf 82' lang='lat'>583]</span> 
     </span>
    </p>
   </div>
   <div class='ocr_carea' id='block_1_2' title="bbox 286 328 2841 2584">
    <p class='ocr_par' dir='ltr' id='par_1_2' title="bbox 353 328 2752 500">
     <span class='ocr_line' id='line_1_2' title="bbox 353 328 2752 415; baseline -0.002 -17"><span class='ocrx_word' id='word_1_10' title='bbox 353 334 547 399; x_wconf 91' lang='lat' dir='ltr'><strong>alium</strong></span> <span class='ocrx_word' id='word_1_11' title='bbox 566 353 755 414; x_wconf 91' lang='lat' dir='ltr'><strong>quam</strong></span> <span class='ocrx_word' id='word_1_12' title='bbox 780 352 881 396; x_wconf 97' lang='lat' dir='ltr'><strong>me</strong></span> <span class='ocrx_word' id='word_1_13' title='bbox 904 332 1230 396; x_wconf 90' lang='lat' dir='ltr'><strong>inimicum</strong></span> <span class='ocrx_word' id='word_1_14' title='bbox 1251 331 1502 412; x_wconf 89' lang='lat' dir='ltr'><strong>habuit;</strong></span> <span class='ocrx_word' id='word_1_15' title='bbox 1542 350 1748 412; x_wconf 91' lang='lat' dir='ltr'><strong>neque</strong></span> <span class='ocrx_word' id='word_1_16' title='bbox 1775 351 1899 413; x_wconf 84' lang='lat' dir='ltr'><strong>ego</strong></span> <span class='ocrx_word' id='word_1_17' title='bbox 1924 331 2234 415; x_wconf 90' lang='lat' dir='ltr'><strong>potiorem</strong></span> <span class='ocrx_word' id='word_1_18' title='bbox 2259 350 2641 413; x_wconf 81' lang='lat' dir='ltr'><strong>quemquam</strong></span> <span class='ocrx_word' id='word_1_19' title='bbox 2665 328 2752 393; x_wconf 93' lang='lat' dir='ltr'><strong>ad</strong></span> 
     </span>
     <span class='ocr_line' id='line_1_3' title="bbox 353 417 2749 500; baseline -0.002 -16"><span class='ocrx_word' id='word_1_20' title='bbox 353 419 703 484; x_wconf 86' lang='lat' dir='ltr'><strong>ministeria</strong></span> <span class='ocrx_word' id='word_1_21' title='bbox 733 418 1082 484; x_wconf 81' lang='lat' dir='ltr'>facinorum</span> <span class='ocrx_word' id='word_1_22' title='bbox 1115 439 1303 500; x_wconf 92' lang='lat' dir='ltr'><strong>quam</strong></span> <span class='ocrx_word' id='word_1_23' title='bbox 1349 417 1726 499; x_wconf 86' lang='lat' dir='ltr'><strong>Rammium,</strong></span> <span class='ocrx_word' id='word_1_24' title='bbox 1778 436 1968 498; x_wconf 90' lang='lat' dir='ltr'><strong>quem</strong></span> <span class='ocrx_word' id='word_1_25' title='bbox 2012 438 2222 500; x_wconf 92' lang='lat' dir='ltr'><strong>neque</strong></span> <span class='ocrx_word' id='word_1_26' title='bbox 2268 436 2567 499; x_wconf 90' lang='lat' dir='ltr'><strong>umquam</strong></span> <span class='ocrx_word' id='word_1_27' title='bbox 2600 423 2749 481; x_wconf 91' lang='lat' dir='ltr'><strong>ante</strong></span> 
     </span>
    </p>

    <p class='ocr_par' dir='ltr' id='par_1_3' title="bbox 303 504 2807 762">
     <span class='ocr_line' id='line_1_4' title="bbox 303 504 2749 589; baseline -0.002 -18"><span class='ocrx_word' id='word_1_28' title='bbox 303 527 328 563; x_wconf 79' lang='lat'>⁵</span> <span class='ocrx_word' id='word_1_29' title='bbox 355 506 643 573; x_wconf 86' lang='lat' dir='ltr'><strong>videram</strong></span> <span class='ocrx_word' id='word_1_30' title='bbox 673 526 791 570; x_wconf 92' lang='lat' dir='ltr'><strong>nec</strong></span> <span class='ocrx_word' id='word_1_31' title='bbox 824 526 996 570; x_wconf 90' lang='lat' dir='ltr'><strong>eram</strong></span> <span class='ocrx_word' id='word_1_32' title='bbox 1027 513 1252 589; x_wconf 90' lang='lat' dir='ltr'><strong>postea</strong></span> <span class='ocrx_word' id='word_1_33' title='bbox 1282 505 1553 586; x_wconf 87' lang='lat' dir='ltr'><strong>visurus,</strong></span> <span class='ocrx_word' id='word_1_34' title='bbox 1603 505 1891 571; x_wconf 86' lang='lat' dir='ltr'><strong>invenire</strong></span> <span class='ocrx_word' id='word_1_35' title='bbox 1923 505 2117 588; x_wconf 84' lang='lat' dir='ltr'><strong>potui.</strong></span> <span class='ocrx_word' id='word_1_36' title='bbox 2168 511 2231 569; x_wconf 88' lang='lat' dir='ltr'><strong>et</strong></span> <span class='ocrx_word' id='word_1_37' title='bbox 2276 504 2749 584; x_wconf 84' lang='lat' dir='ltr'><strong>Thebanorum,</strong></span> 
     </span>
     <span class='ocr_line' id='line_1_5' title="bbox 356 589 2754 677; baseline -0.002 -19"><span class='ocrx_word' id='word_1_38' title='bbox 356 613 515 677; x_wconf 90' lang='lat' dir='ltr'><strong>quos</strong></span> <span class='ocrx_word' id='word_1_39' title='bbox 546 591 880 675; x_wconf 73' lang='lat' dir='ltr'><strong>naufragio</strong></span> <span class='ocrx_word' id='word_1_40' title='bbox 911 593 1154 676; x_wconf 89' lang='lat' dir='ltr'><strong>perisse</strong></span> <span class='ocrx_word' id='word_1_41' title='bbox 1187 598 1451 672; x_wconf 90' lang='lat' dir='ltr'><strong>constat,</strong></span> <span class='ocrx_word' id='word_1_42' title='bbox 1501 599 1564 656; x_wconf 91' lang='lat' dir='ltr'><strong>et</strong></span> <span class='ocrx_word' id='word_1_43' title='bbox 1595 591 1958 655; x_wconf 77' lang='lat' dir='ltr'><strong>Arthetauri</strong></span> <span class='ocrx_word' id='word_1_44' title='bbox 1990 591 2204 657; x_wconf 89' lang='lat' dir='ltr'><strong>caedis</strong></span> <span class='ocrx_word' id='word_1_45' title='bbox 2235 589 2390 656; x_wconf 93' lang='lat' dir='ltr'><strong>mihi</strong></span> <span class='ocrx_word' id='word_1_46' title='bbox 2419 589 2754 654; x_wconf 90' lang='lat' dir='ltr'><strong>reddenda</strong></span> 
     </span>
     <span class='ocr_line' id='line_1_6' title="bbox 355 676 2807 762; baseline -0.004 -18"><span class='ocrx_word' id='word_1_47' title='bbox 355 680 518 744; x_wconf 89' lang='lat' dir='ltr'><strong>ratio</strong></span> <span class='ocrx_word' id='word_1_48' title='bbox 566 686 695 762; x_wconf 79' lang='lat' dir='ltr'><strong>est3</strong></span> <span class='ocrx_word' id='word_1_49' title='bbox 755 679 822 742; x_wconf 91' lang='lat' dir='ltr'><strong>in</strong></span> <span class='ocrx_word' id='word_1_50' title='bbox 870 699 996 762; x_wconf 90' lang='lat' dir='ltr'><strong>qua</strong></span> <span class='ocrx_word' id='word_1_51' title='bbox 1039 686 1256 743; x_wconf 90' lang='lat' dir='ltr'><strong>tamen</strong></span> <span class='ocrx_word' id='word_1_52' title='bbox 1301 678 1462 743; x_wconf 88' lang='lat' dir='ltr'>nihil</span> <span class='ocrx_word' id='word_1_53' title='bbox 1506 679 1672 743; x_wconf 90' lang='lat' dir='ltr'><strong>ultra</strong></span> <span class='ocrx_word' id='word_1_54' title='bbox 1718 678 2002 759; x_wconf 89' lang='lat' dir='ltr'><strong>obicitur,</strong></span> <span class='ocrx_word' id='word_1_55' title='bbox 2074 699 2263 760; x_wconf 90' lang='lat' dir='ltr'><strong>quam</strong></span> <span class='ocrx_word' id='word_1_56' title='bbox 2309 676 2753 741; x_wconf 76' lang='lat' dir='ltr'>interfectores</span> <span class='ocrx_word' id='word_1_57' title='bbox 2781 697 2807 734; x_wconf 87' lang='lat'>5</span> 
     </span>
    </p>

    <p class='ocr_par' dir='ltr' id='par_1_4' title="bbox 306 763 2756 1023">
     <span class='ocr_line' id='line_1_7' title="bbox 306 763 2755 848; baseline -0.002 -16"><span class='ocrx_word' id='word_1_58' title='bbox 306 785 331 824; x_wconf 77' lang='lat'><strong>6</strong></span> <span class='ocrx_word' id='word_1_59' title='bbox 359 767 495 832; x_wconf 88' lang='lat' dir='ltr'><strong>eius</strong></span> <span class='ocrx_word' id='word_1_60' title='bbox 539 766 607 832; x_wconf 93' lang='lat' dir='ltr'><strong>in</strong></span> <span class='ocrx_word' id='word_1_61' title='bbox 651 786 852 848; x_wconf 83' lang='lat' dir='ltr'><strong>regno</strong></span> <span class='ocrx_word' id='word_1_62' title='bbox 901 765 1229 831; x_wconf 78' lang='lat' dir='ltr'><strong>exsulasse</strong></span> <span class='ocrx_word' id='word_1_63' title='bbox 1277 784 1439 829; x_wconf 95' lang='lat' dir='ltr'><strong>meo.</strong></span> <span class='ocrx_word' id='word_1_64' title='bbox 1513 765 1690 831; x_wconf 92' lang='lat' dir='ltr'><strong>cuius</strong></span> <span class='ocrx_word' id='word_1_65' title='bbox 1753 765 2144 830; x_wconf 89' lang='lat' dir='ltr'><strong>condicionis</strong></span> <span class='ocrx_word' id='word_1_66' title='bbox 2204 764 2601 847; x_wconf 86' lang='lat' dir='ltr'><strong>iniquitatem</strong></span> <span class='ocrx_word' id='word_1_67' title='bbox 2662 763 2755 827; x_wconf 88' lang='lat' dir='ltr'><strong>ita</strong></span> 
     </span>
     <span class='ocr_line' id='line_1_8' title="bbox 356 849 2754 935; baseline -0.002 -17"><span class='ocrx_word' id='word_1_68' title='bbox 356 873 482 918; x_wconf 95' lang='lat' dir='ltr'><strong>non</strong></span> <span class='ocrx_word' id='word_1_69' title='bbox 542 873 682 917; x_wconf 91' lang='lat' dir='ltr'><strong>sum</strong></span> <span class='ocrx_word' id='word_1_70' title='bbox 749 859 1172 931; x_wconf 78' lang='lat' dir='ltr'><strong>recusaturuS‚</strong></span> <span class='ocrx_word' id='word_1_71' title='bbox 1234 852 1287 916; x_wconf 91' lang='lat' dir='ltr'><strong>si</strong></span> <span class='ocrx_word' id='word_1_72' title='bbox 1346 872 1464 917; x_wconf 86' lang='lat' dir='ltr'><strong>vos</strong></span> <span class='ocrx_word' id='word_1_73' title='bbox 1522 872 1773 934; x_wconf 91' lang='lat' dir='ltr'><strong>quoque</strong></span> <span class='ocrx_word' id='word_1_74' title='bbox 1835 852 2142 935; x_wconf 89' lang='lat' dir='ltr'><strong>accipitis,</strong></span> <span class='ocrx_word' id='word_1_75' title='bbox 2213 859 2297 930; x_wconf 90' lang='lat' dir='ltr'><strong>ut,</strong></span> <span class='ocrx_word' id='word_1_76' title='bbox 2371 849 2754 931; x_wconf 77' lang='lat' dir='ltr'><strong>quicumque</strong></span> 
     </span>
     <span class='ocr_line' id='line_1_9' title="bbox 358 936 2756 1023; baseline -0.002 -19"><span class='ocrx_word' id='word_1_77' title='bbox 358 940 577 1004; x_wconf 81' lang='lat' dir='ltr'><strong>exules</strong></span> <span class='ocrx_word' id='word_1_78' title='bbox 646 940 711 1003; x_wconf 93' lang='lat' dir='ltr'><strong>in</strong></span> <span class='ocrx_word' id='word_1_79' title='bbox 771 939 1025 1003; x_wconf 90' lang='lat' dir='ltr'><strong>Italiam</strong></span> <span class='ocrx_word' id='word_1_80' title='bbox 1093 946 1201 1003; x_wconf 90' lang='lat' dir='ltr'><strong>aut</strong></span> <span class='ocrx_word' id='word_1_81' title='bbox 1262 939 1530 1003; x_wconf 88' lang='lat' dir='ltr'><strong>Romam</strong></span> <span class='ocrx_word' id='word_1_82' title='bbox 1599 958 1669 1004; x_wconf 88' lang='lat' dir='ltr'><strong>se</strong></span> <span class='ocrx_word' id='word_1_83' title='bbox 1737 939 2149 1023; x_wconf 89' lang='lat' dir='ltr'><strong>contulerunt,</strong></span> <span class='ocrx_word' id='word_1_84' title='bbox 2217 937 2316 1001; x_wconf 93' lang='lat' dir='ltr'><strong>his</strong></span> <span class='ocrx_word' id='word_1_85' title='bbox 2385 936 2756 1021; x_wconf 84' lang='lat' dir='ltr'><strong>facinorum,</strong></span> 
     </span>
    </p>

    <p class='ocr_par' dir='ltr' id='par_1_5' title="bbox 307 1022 2836 1281">
     <span class='ocr_line' id='line_1_10' title="bbox 307 1022 2755 1112; baseline -0.001 -22"><span class='ocrx_word' id='word_1_86' title='bbox 307 1045 329 1082; x_wconf 78' lang='lat'>⁷</span> <span class='ocrx_word' id='word_1_87' title='bbox 356 1032 619 1112; x_wconf 86' lang='lat' dir='ltr'><strong>propter</strong></span> <span class='ocrx_word' id='word_1_88' title='bbox 664 1046 827 1108; x_wconf 93' lang='lat' dir='ltr'><strong>quae</strong></span> <span class='ocrx_word' id='word_1_89' title='bbox 874 1025 1157 1089; x_wconf 90' lang='lat' dir='ltr'><strong>damnati</strong></span> <span class='ocrx_word' id='word_1_90' title='bbox 1204 1032 1367 1105; x_wconf 90' lang='lat' dir='ltr'><strong>sunt,</strong></span> <span class='ocrx_word' id='word_1_91' title='bbox 1424 1032 1715 1090; x_wconf 88' lang='lat' dir='ltr'><strong>auctores</strong></span> <span class='ocrx_word' id='word_1_92' title='bbox 1747 1044 1864 1090; x_wconf 83' lang='lat' dir='ltr'><strong>vos</strong></span> <span class='ocrx_word' id='word_1_93' title='bbox 1896 1025 2096 1090; x_wconf 90' lang='lat' dir='ltr'><strong>fuisse</strong></span> <span class='ocrx_word' id='word_1_94' title='bbox 2144 1022 2491 1088; x_wconf 86' lang='lat' dir='ltr'><strong>fateamini.</strong></span> <span class='ocrx_word' id='word_1_95' title='bbox 2542 1023 2598 1087; x_wconf 91' lang='lat' dir='ltr'><strong>si</strong></span> <span class='ocrx_word' id='word_1_96' title='bbox 2630 1023 2755 1088; x_wconf 92' lang='lat' dir='ltr'><strong>hoc</strong></span> 
     </span>
     <span class='ocr_line' id='line_1_11' title="bbox 359 1110 2836 1195; baseline -0.002 -17"><span class='ocrx_word' id='word_1_97' title='bbox 359 1121 423 1178; x_wconf 90' lang='lat' dir='ltr'><strong>et</strong></span> <span class='ocrx_word' id='word_1_98' title='bbox 480 1132 597 1178; x_wconf 86' lang='lat' dir='ltr'><strong>vos</strong></span> <span class='ocrx_word' id='word_1_99' title='bbox 664 1112 1038 1177; x_wconf 88' lang='lat' dir='ltr'><strong>recusabitis</strong></span> <span class='ocrx_word' id='word_1_100' title='bbox 1107 1118 1171 1176; x_wconf 91' lang='lat' dir='ltr'><strong>et</strong></span> <span class='ocrx_word' id='word_1_101' title='bbox 1237 1132 1456 1177; x_wconf 91' lang='lat' dir='ltr'><strong>omnes</strong></span> <span class='ocrx_word' id='word_1_102' title='bbox 1524 1113 1689 1176; x_wconf 93' lang='lat' dir='ltr'><strong>aliae</strong></span> <span class='ocrx_word' id='word_1_103' title='bbox 1758 1118 2004 1195; x_wconf 80' lang='lat' dir='ltr'><strong>genteS,</strong></span> <span class='ocrx_word' id='word_1_104' title='bbox 2076 1130 2200 1193; x_wconf 85' lang='lat' dir='ltr'><strong>ego</strong></span> <span class='ocrx_word' id='word_1_105' title='bbox 2269 1129 2520 1194; x_wconf 92' lang='lat' dir='ltr'><strong>quoque</strong></span> <span class='ocrx_word' id='word_1_106' title='bbox 2588 1110 2756 1174; x_wconf 84' lang='lat' dir='ltr'><strong>inter</strong></span> <span class='ocrx_word' id='word_1_107' title='bbox 2784 1127 2836 1166; x_wconf 90' lang='lat'><strong>10</strong></span> 
     </span>
     <span class='ocr_line' id='line_1_12' title="bbox 359 1197 2756 1281; baseline -0.002 -16"><span class='ocrx_word' id='word_1_108' title='bbox 359 1206 603 1265; x_wconf 89' lang='lat' dir='ltr'><strong>ceteros</strong></span> <span class='ocrx_word' id='word_1_109' title='bbox 651 1218 777 1263; x_wconf 89' lang='lat' dir='ltr'><strong>er0.</strong></span> <span class='ocrx_word' id='word_1_110' title='bbox 833 1205 897 1263; x_wconf 92' lang='lat' dir='ltr'><strong>et</strong></span> <span class='ocrx_word' id='word_1_111' title='bbox 943 1199 1219 1278; x_wconf 91' lang='lat' dir='ltr'><strong>hercule,</strong></span> <span class='ocrx_word' id='word_1_112' title='bbox 1271 1198 1427 1280; x_wconf 91' lang='lat' dir='ltr'><strong>quid</strong></span> <span class='ocrx_word' id='word_1_113' title='bbox 1470 1197 1715 1263; x_wconf 84' lang='lat' dir='ltr'><strong>adtinet</strong></span> <span class='ocrx_word' id='word_1_114' title='bbox 1760 1199 2054 1280; x_wconf 90' lang='lat' dir='ltr'><strong>cuiquam</strong></span> <span class='ocrx_word' id='word_1_115' title='bbox 2101 1197 2362 1262; x_wconf 91' lang='lat' dir='ltr'><strong>exilium</strong></span> <span class='ocrx_word' id='word_1_116' title='bbox 2407 1203 2646 1281; x_wconf 91' lang='lat' dir='ltr'><strong>patere,</strong></span> <span class='ocrx_word' id='word_1_117' title='bbox 2700 1197 2756 1261; x_wconf 91' lang='lat' dir='ltr'><strong>si</strong></span> 
     </span>
    </p>

    <p class='ocr_par' dir='ltr' id='par_1_6' title="bbox 309 1283 2758 1456">
     <span class='ocr_line' id='line_1_13' title="bbox 309 1283 2757 1369; baseline -0.002 -19"><span class='ocrx_word' id='word_1_118' title='bbox 309 1302 334 1341; x_wconf 82' lang='grc'>8</span> <span class='ocrx_word' id='word_1_119' title='bbox 359 1306 673 1369; x_wconf 90' lang='lat' dir='ltr'><strong>nusquam</strong></span> <span class='ocrx_word' id='word_1_120' title='bbox 719 1285 889 1349; x_wconf 91' lang='lat' dir='ltr'><strong>exuli</strong></span> <span class='ocrx_word' id='word_1_121' title='bbox 934 1284 1180 1350; x_wconf 85' lang='lat' dir='ltr'><strong>futurus</strong></span> <span class='ocrx_word' id='word_1_122' title='bbox 1226 1286 1406 1350; x_wconf 87' lang='lat' dir='ltr'><strong>loeus</strong></span> <span class='ocrx_word' id='word_1_123' title='bbox 1437 1285 1587 1350; x_wconf 84' lang='lat' dir='ltr'><strong>est‘?</strong></span> <span class='ocrx_word' id='word_1_124' title='bbox 1635 1307 1758 1368; x_wconf 82' lang='lat' dir='ltr'><strong>ego</strong></span> <span class='ocrx_word' id='word_1_125' title='bbox 1804 1293 2019 1350; x_wconf 84' lang='lat' dir='ltr'><strong>tamen</strong></span> <span class='ocrx_word' id='word_1_126' title='bbox 2062 1284 2237 1365; x_wconf 91' lang='lat' dir='ltr'><strong>istos,</strong></span> <span class='ocrx_word' id='word_1_127' title='bbox 2288 1290 2357 1347; x_wconf 91' lang='lat' dir='ltr'><strong>ut</strong></span> <span class='ocrx_word' id='word_1_128' title='bbox 2386 1283 2660 1368; x_wconf 91' lang='lat' dir='ltr'><strong>primum</strong></span> <span class='ocrx_word' id='word_1_129' title='bbox 2689 1283 2757 1347; x_wconf 94' lang='lat' dir='ltr'><strong>in</strong></span> 
     </span>
     <span class='ocr_line' id='line_1_14' title="bbox 361 1370 2758 1456; baseline -0.002 -19"><span class='ocrx_word' id='word_1_130' title='bbox 361 1371 744 1438; x_wconf 91' lang='lat' dir='ltr'><strong>Macedonia</strong></span> <span class='ocrx_word' id='word_1_131' title='bbox 789 1391 931 1436; x_wconf 86' lang='lat' dir='ltr'><strong>esse</strong></span> <span class='ocrx_word' id='word_1_132' title='bbox 977 1371 1336 1436; x_wconf 86' lang='lat' dir='ltr'><strong>admonitus</strong></span> <span class='ocrx_word' id='word_1_133' title='bbox 1383 1394 1422 1436; x_wconf 94' lang='lat' dir='ltr'><strong>a</strong></span> <span class='ocrx_word' id='word_1_134' title='bbox 1465 1373 1647 1437; x_wconf 84' lang='lat' dir='ltr'><strong>vobis</strong></span> <span class='ocrx_word' id='word_1_135' title='bbox 1696 1372 1967 1456; x_wconf 91' lang='lat' dir='ltr'><strong>conperi,</strong></span> <span class='ocrx_word' id='word_1_136' title='bbox 2038 1371 2377 1452; x_wconf 89' lang='lat' dir='ltr'><strong>requisitos</strong></span> <span class='ocrx_word' id='word_1_137' title='bbox 2438 1370 2612 1434; x_wconf 87' lang='lat' dir='ltr'><strong>abire</strong></span> <span class='ocrx_word' id='word_1_138' title='bbox 2675 1390 2758 1434; x_wconf 91' lang='lat' dir='ltr'><strong>ex</strong></span> 
     </span>
    </p>

    <p class='ocr_par' dir='ltr' id='par_1_7' title="bbox 312 1455 2840 1714">
     <span class='ocr_line' id='line_1_15' title="bbox 312 1455 2756 1543; baseline -0 -20"><span class='ocrx_word' id='word_1_139' title='bbox 312 1477 336 1515; x_wconf 82' lang='lat'>⁹</span> <span class='ocrx_word' id='word_1_140' title='bbox 363 1479 563 1541; x_wconf 85' lang='lat' dir='ltr'><strong>regno</strong></span> <span class='ocrx_word' id='word_1_141' title='bbox 629 1458 787 1522; x_wconf 89' lang='lat' dir='ltr'><strong>iussi</strong></span> <span class='ocrx_word' id='word_1_142' title='bbox 862 1465 924 1522; x_wconf 84' lang='lat' dir='ltr'><strong>et</strong></span> <span class='ocrx_word' id='word_1_143' title='bbox 981 1458 1047 1522; x_wconf 90' lang='lat' dir='ltr'><strong>in</strong></span> <span class='ocrx_word' id='word_1_144' title='bbox 1107 1465 1481 1543; x_wconf 86' lang='lat' dir='ltr'><strong>perpetuum</strong></span> <span class='ocrx_word' id='word_1_145' title='bbox 1548 1458 1846 1522; x_wconf 83' lang='lat' dir='ltr'><strong>interdixi</strong></span> <span class='ocrx_word' id='word_1_146' title='bbox 1912 1459 2139 1523; x_wconf 89' lang='lat' dir='ltr'><strong>finibus</strong></span> <span class='ocrx_word' id='word_1_147' title='bbox 2208 1457 2389 1521; x_wconf 89' lang='lat' dir='ltr'><strong>meis.</strong></span> <span class='ocrx_word' id='word_1_148' title='bbox 2462 1463 2526 1520; x_wconf 92' lang='lat' dir='ltr'><strong>et</strong></span> <span class='ocrx_word' id='word_1_149' title='bbox 2591 1455 2756 1522; x_wconf 91' lang='lat' dir='ltr'><strong>haec</strong></span> 
     </span>
     <span class='ocr_line' id='line_1_16' title="bbox 364 1541 2840 1629; baseline -0.002 -20"><span class='ocrx_word' id='word_1_150' title='bbox 364 1544 621 1629; x_wconf 92' lang='lat' dir='ltr'><strong>quidem</strong></span> <span class='ocrx_word' id='word_1_151' title='bbox 682 1544 837 1609; x_wconf 93' lang='lat' dir='ltr'><strong>mihi</strong></span> <span class='ocrx_word' id='word_1_152' title='bbox 896 1552 1221 1626; x_wconf 90' lang='lat' dir='ltr'><strong>tamquam</strong></span> <span class='ocrx_word' id='word_1_153' title='bbox 1283 1565 1540 1610; x_wconf 90' lang='lat' dir='ltr'><strong>causam</strong></span> <span class='ocrx_word' id='word_1_154' title='bbox 1602 1544 1837 1610; x_wconf 88' lang='lat' dir='ltr'><strong>dicenti</strong></span> <span class='ocrx_word' id='word_1_155' title='bbox 1897 1564 2006 1609; x_wconf 90' lang='lat' dir='ltr'><strong>reo</strong></span> <span class='ocrx_word' id='word_1_156' title='bbox 2075 1544 2327 1608; x_wconf 90' lang='lat' dir='ltr'><strong>obiecta</strong></span> <span class='ocrx_word' id='word_1_157' title='bbox 2394 1550 2569 1625; x_wconf 86' lang='lat' dir='ltr'><strong>sunt;</strong></span> <span class='ocrx_word' id='word_1_158' title='bbox 2642 1541 2758 1606; x_wconf 91' lang='lat' dir='ltr'><strong>illa</strong></span> <span class='ocrx_word' id='word_1_159' title='bbox 2786 1561 2840 1600; x_wconf 82' lang='lat'><strong>1⁵</strong></span> 
     </span>
     <span class='ocr_line' id='line_1_17' title="bbox 363 1629 2754 1714; baseline -0.001 -19"><span class='ocrx_word' id='word_1_160' title='bbox 363 1639 689 1714; x_wconf 88' lang='lat' dir='ltr'><strong>tamquam</strong></span> <span class='ocrx_word' id='word_1_161' title='bbox 747 1631 906 1713; x_wconf 83' lang='lat' dir='ltr'><strong>regi,</strong></span> <span class='ocrx_word' id='word_1_162' title='bbox 968 1638 1036 1695; x_wconf 92' lang='lat' dir='ltr'><strong>ut</strong></span> <span class='ocrx_word' id='word_1_163' title='bbox 1097 1650 1260 1712; x_wconf 90' lang='lat' dir='ltr'><strong>quae</strong></span> <span class='ocrx_word' id='word_1_164' title='bbox 1323 1631 1402 1695; x_wconf 92' lang='lat' dir='ltr'><strong>de</strong></span> <span class='ocrx_word' id='word_1_165' title='bbox 1465 1630 1743 1712; x_wconf 91' lang='lat' dir='ltr'><strong>foedere,</strong></span> <span class='ocrx_word' id='word_1_166' title='bbox 1814 1631 1984 1713; x_wconf 93' lang='lat' dir='ltr'><strong>quod</strong></span> <span class='ocrx_word' id='word_1_167' title='bbox 2045 1631 2199 1694; x_wconf 91' lang='lat' dir='ltr'><strong>mihi</strong></span> <span class='ocrx_word' id='word_1_168' title='bbox 2262 1637 2360 1694; x_wconf 89' lang='lat' dir='ltr'><strong>est</strong></span> <span class='ocrx_word' id='word_1_169' title='bbox 2404 1629 2754 1709; x_wconf 85' lang='lat' dir='ltr'><strong>vobiscum,</strong></span> 
     </span>
    </p>

    <p class='ocr_par' dir='ltr' id='par_1_8' title="bbox 287 1717 2760 1974">
     <span class='ocr_line' id='line_1_18' title="bbox 287 1717 2759 1802; baseline -0.001 -20"><span class='ocrx_word' id='word_1_170' title='bbox 287 1736 339 1774; x_wconf 86' lang='lat'><strong>10</strong></span> <span class='ocrx_word' id='word_1_171' title='bbox 367 1717 894 1802; x_wconf 79' lang='lat' dir='ltr'><strong>disceptationem</strong></span> <span class='ocrx_word' id='word_1_172' title='bbox 939 1718 1235 1783; x_wconf 90' lang='lat' dir='ltr'><strong>habeant.</strong></span> <span class='ocrx_word' id='word_1_173' title='bbox 1298 1739 1445 1782; x_wconf 93' lang='lat' dir='ltr'><strong>nam</strong></span> <span class='ocrx_word' id='word_1_174' title='bbox 1505 1719 1558 1783; x_wconf 92' lang='lat' dir='ltr'><strong>si</strong></span> <span class='ocrx_word' id='word_1_175' title='bbox 1606 1726 1702 1783; x_wconf 90' lang='lat' dir='ltr'><strong>est</strong></span> <span class='ocrx_word' id='word_1_176' title='bbox 1747 1719 1812 1782; x_wconf 92' lang='lat' dir='ltr'><strong>in</strong></span> <span class='ocrx_word' id='word_1_177' title='bbox 1858 1718 2116 1783; x_wconf 86' lang='lat' dir='ltr'><strong>foedere</strong></span> <span class='ocrx_word' id='word_1_178' title='bbox 2163 1718 2253 1781; x_wconf 86' lang='lat' dir='ltr'><strong>ita</strong></span> <span class='ocrx_word' id='word_1_179' title='bbox 2299 1717 2622 1800; x_wconf 84' lang='lat' dir='ltr'><strong>scriptum,</strong></span> <span class='ocrx_word' id='word_1_180' title='bbox 2688 1722 2759 1780; x_wconf 91' lang='lat' dir='ltr'><strong>ut</strong></span> 
     </span>
     <span class='ocr_line' id='line_1_19' title="bbox 363 1804 2760 1890; baseline 0 -22"><span class='ocrx_word' id='word_1_181' title='bbox 363 1826 446 1869; x_wconf 92' lang='lat' dir='ltr'><strong>ne</strong></span> <span class='ocrx_word' id='word_1_182' title='bbox 494 1805 549 1869; x_wconf 89' lang='lat' dir='ltr'><strong>si</strong></span> <span class='ocrx_word' id='word_1_183' title='bbox 592 1804 834 1869; x_wconf 91' lang='lat' dir='ltr'><strong>bellum</strong></span> <span class='ocrx_word' id='word_1_184' title='bbox 881 1804 1135 1887; x_wconf 92' lang='lat' dir='ltr'><strong>quidem</strong></span> <span class='ocrx_word' id='word_1_185' title='bbox 1197 1805 1336 1887; x_wconf 92' lang='lat' dir='ltr'><strong>quis</strong></span> <span class='ocrx_word' id='word_1_186' title='bbox 1396 1805 1646 1890; x_wconf 88' lang='lat' dir='ltr'><strong>inferat,</strong></span> <span class='ocrx_word' id='word_1_187' title='bbox 1704 1805 1866 1869; x_wconf 92' lang='lat' dir='ltr'><strong>tueri</strong></span> <span class='ocrx_word' id='word_1_188' title='bbox 1927 1827 2027 1870; x_wconf 93' lang='lat' dir='ltr'><strong>me</strong></span> <span class='ocrx_word' id='word_1_189' title='bbox 2087 1822 2481 1887; x_wconf 83' lang='lat' dir='ltr'><strong>regnumque</strong></span> <span class='ocrx_word' id='word_1_190' title='bbox 2544 1823 2760 1868; x_wconf 92' lang='lat' dir='ltr'><strong>meum</strong></span> 
     </span>
     <span class='ocr_line' id='line_1_20' title="bbox 362 1889 2757 1974; baseline -0.002 -18"><span class='ocrx_word' id='word_1_191' title='bbox 362 1891 570 1971; x_wconf 90' lang='lat' dir='ltr'><strong>liceat,</strong></span> <span class='ocrx_word' id='word_1_192' title='bbox 620 1890 773 1955; x_wconf 93' lang='lat' dir='ltr'><strong>mihi</strong></span> <span class='ocrx_word' id='word_1_193' title='bbox 819 1891 1148 1956; x_wconf 91' lang='lat' dir='ltr'><strong>fatendum</strong></span> <span class='ocrx_word' id='word_1_194' title='bbox 1195 1898 1308 1973; x_wconf 87' lang='lat' dir='ltr'><strong>est,</strong></span> <span class='ocrx_word' id='word_1_195' title='bbox 1383 1890 1554 1973; x_wconf 94' lang='lat' dir='ltr'><strong>quod</strong></span> <span class='ocrx_word' id='word_1_196' title='bbox 1599 1912 1699 1955; x_wconf 93' lang='lat' dir='ltr'><strong>me</strong></span> <span class='ocrx_word' id='word_1_197' title='bbox 1747 1892 1937 1956; x_wconf 90' lang='lat' dir='ltr'><strong>armis</strong></span> <span class='ocrx_word' id='word_1_198' title='bbox 1999 1891 2309 1956; x_wconf 85' lang='lat' dir='ltr'><strong>adversus</strong></span> <span class='ocrx_word' id='word_1_199' title='bbox 2356 1889 2757 1974; x_wconf 89' lang='lat' dir='ltr'><strong>Abrupolim,</strong></span> 
     </span>
    </p>

    <p class='ocr_par' dir='ltr' id='par_1_9' title="bbox 287 1977 2841 2411">
     <span class='ocr_line' id='line_1_21' title="bbox 287 1977 2841 2062; baseline -0.002 -18"><span class='ocrx_word' id='word_1_200' title='bbox 287 1994 337 2033; x_wconf 87' lang='lat'><strong>11</strong></span> <span class='ocrx_word' id='word_1_201' title='bbox 365 1978 606 2044; x_wconf 87' lang='lat' dir='ltr'><strong>socium</strong></span> <span class='ocrx_word' id='word_1_202' title='bbox 665 1979 884 2062; x_wconf 91' lang='lat' dir='ltr'><strong>populi</strong></span> <span class='ocrx_word' id='word_1_203' title='bbox 942 1978 1226 2059; x_wconf 88' lang='lat' dir='ltr'><strong>Romani,</strong></span> <span class='ocrx_word' id='word_1_204' title='bbox 1291 1978 1704 2058; x_wconf 89' lang='lat' dir='ltr'><strong>defenderim,</strong></span> <span class='ocrx_word' id='word_1_205' title='bbox 1769 1977 1993 2043; x_wconf 72' lang='lat' dir='ltr'><strong>foedus</strong></span> <span class='ocrx_word' id='word_1_206' title='bbox 2054 1978 2361 2042; x_wconf 83' lang='lat' dir='ltr'><strong>violatum</strong></span> <span class='ocrx_word' id='word_1_207' title='bbox 2422 1997 2582 2042; x_wconf 87' lang='lat' dir='ltr'><strong>esse.</strong></span> <span class='ocrx_word' id='word_1_208' title='bbox 2656 1977 2756 2041; x_wconf 90' lang='lat' dir='ltr'><strong>sin</strong></span> <span class='ocrx_word' id='word_1_209' title='bbox 2787 1993 2841 2031; x_wconf 78' lang='lat'><strong>20</strong></span> 
     </span>
     <span class='ocr_line' id='line_1_22' title="bbox 365 2063 2757 2149; baseline -0.002 -19"><span class='ocrx_word' id='word_1_210' title='bbox 365 2071 578 2130; x_wconf 90' lang='lat' dir='ltr'><strong>autem</strong></span> <span class='ocrx_word' id='word_1_211' title='bbox 623 2063 746 2130; x_wconf 89' lang='lat' dir='ltr'><strong>hoc</strong></span> <span class='ocrx_word' id='word_1_212' title='bbox 792 2071 856 2130; x_wconf 91' lang='lat' dir='ltr'><strong>et</strong></span> <span class='ocrx_word' id='word_1_213' title='bbox 901 2085 982 2130; x_wconf 92' lang='lat' dir='ltr'><strong>ex</strong></span> <span class='ocrx_word' id='word_1_214' title='bbox 1028 2064 1287 2130; x_wconf 86' lang='lat' dir='ltr'><strong>foedere</strong></span> <span class='ocrx_word' id='word_1_215' title='bbox 1332 2065 1511 2131; x_wconf 89' lang='lat' dir='ltr'><strong>licuit</strong></span> <span class='ocrx_word' id='word_1_216' title='bbox 1557 2072 1620 2130; x_wconf 92' lang='lat' dir='ltr'><strong>et</strong></span> <span class='ocrx_word' id='word_1_217' title='bbox 1664 2065 1798 2130; x_wconf 92' lang='lat' dir='ltr'><strong>iure</strong></span> <span class='ocrx_word' id='word_1_218' title='bbox 1847 2065 2131 2149; x_wconf 85' lang='lat' dir='ltr'><strong>gentium</strong></span> <span class='ocrx_word' id='word_1_219' title='bbox 2184 2065 2275 2128; x_wconf 86' lang='lat' dir='ltr'><strong>ita</strong></span> <span class='ocrx_word' id='word_1_220' title='bbox 2320 2070 2757 2149; x_wconf 90' lang='lat' dir='ltr'><strong>comparatum</strong></span> 
     </span>
     <span class='ocr_line' id='line_1_23' title="bbox 365 2151 2752 2238; baseline -0.001 -21"><span class='ocrx_word' id='word_1_221' title='bbox 365 2159 481 2233; x_wconf 90' lang='lat' dir='ltr'><strong>est,</strong></span> <span class='ocrx_word' id='word_1_222' title='bbox 528 2159 597 2215; x_wconf 92' lang='lat' dir='ltr'><strong>ut</strong></span> <span class='ocrx_word' id='word_1_223' title='bbox 642 2173 818 2216; x_wconf 90' lang='lat' dir='ltr'><strong>arma</strong></span> <span class='ocrx_word' id='word_1_224' title='bbox 863 2152 1055 2216; x_wconf 91' lang='lat' dir='ltr'><strong>armis</strong></span> <span class='ocrx_word' id='word_1_225' title='bbox 1101 2154 1566 2238; x_wconf 88' lang='lat' dir='ltr'><strong>propulsentur,</strong></span> <span class='ocrx_word' id='word_1_226' title='bbox 1620 2151 1773 2234; x_wconf 93' lang='lat' dir='ltr'><strong>quid</strong></span> <span class='ocrx_word' id='word_1_227' title='bbox 1818 2151 2077 2216; x_wconf 90' lang='lat' dir='ltr'><strong>tandem</strong></span> <span class='ocrx_word' id='word_1_228' title='bbox 2123 2173 2225 2216; x_wconf 94' lang='lat' dir='ltr'><strong>me</strong></span> <span class='ocrx_word' id='word_1_229' title='bbox 2272 2152 2485 2217; x_wconf 90' lang='lat' dir='ltr'><strong>facere</strong></span> <span class='ocrx_word' id='word_1_230' title='bbox 2519 2151 2752 2230; x_wconf 86' lang='lat' dir='ltr'><strong>decuit,</strong></span> 
     </span>
     <span class='ocr_line' id='line_1_24' title="bbox 365 2238 2756 2325; baseline -0 -22"><span class='ocrx_word' id='word_1_231' title='bbox 365 2258 508 2303; x_wconf 92' lang='lat' dir='ltr'><strong>cum</strong></span> <span class='ocrx_word' id='word_1_232' title='bbox 539 2238 878 2321; x_wconf 89' lang='lat' dir='ltr'><strong>Abrupolis</strong></span> <span class='ocrx_word' id='word_1_233' title='bbox 923 2238 1082 2303; x_wconf 90' lang='lat' dir='ltr'><strong>fines</strong></span> <span class='ocrx_word' id='word_1_234' title='bbox 1115 2240 1240 2304; x_wconf 92' lang='lat' dir='ltr'><strong>mei</strong></span> <span class='ocrx_word' id='word_1_235' title='bbox 1272 2240 1455 2321; x_wconf 83' lang='lat' dir='ltr'><strong>regni</strong></span> <span class='ocrx_word' id='word_1_236' title='bbox 1485 2259 1688 2322; x_wconf 91' lang='lat' dir='ltr'><strong>usque</strong></span> <span class='ocrx_word' id='word_1_237' title='bbox 1722 2238 1806 2303; x_wconf 94' lang='lat' dir='ltr'><strong>ad</strong></span> <span class='ocrx_word' id='word_1_238' title='bbox 1835 2238 2271 2325; x_wconf 90' lang='lat' dir='ltr'><strong>Amphipolim</strong></span> <span class='ocrx_word' id='word_1_239' title='bbox 2301 2245 2756 2323; x_wconf 86' lang='lat' dir='ltr'><strong>pervastasset,</strong></span> 
     </span>
     <span class='ocr_line' id='line_1_25' title="bbox 362 2324 2759 2411; baseline 0 -23"><span class='ocrx_word' id='word_1_240' title='bbox 362 2327 562 2389; x_wconf 86' lang='lat' dir='ltr'><strong>multa</strong></span> <span class='ocrx_word' id='word_1_241' title='bbox 628 2325 831 2389; x_wconf 90' lang='lat' dir='ltr'><strong>libera</strong></span> <span class='ocrx_word' id='word_1_242' title='bbox 897 2325 1126 2409; x_wconf 91' lang='lat' dir='ltr'><strong>capita,</strong></span> <span class='ocrx_word' id='word_1_243' title='bbox 1196 2347 1500 2408; x_wconf 82' lang='lat' dir='ltr'><strong>magnam</strong></span> <span class='ocrx_word' id='word_1_244' title='bbox 1565 2327 1695 2391; x_wconf 87' lang='lat' dir='ltr'><strong>vim</strong></span> <span class='ocrx_word' id='word_1_245' title='bbox 1762 2326 2237 2411; x_wconf 92' lang='lat' dir='ltr'><strong>mancipiorum,</strong></span> <span class='ocrx_word' id='word_1_246' title='bbox 2316 2326 2515 2389; x_wconf 92' lang='lat' dir='ltr'><strong>multa</strong></span> <span class='ocrx_word' id='word_1_247' title='bbox 2581 2324 2759 2389; x_wconf 91' lang='lat' dir='ltr'><strong>milia</strong></span> 
     </span>
    </p>

    <p class='ocr_par' dir='ltr' id='par_1_10' title="bbox 286 2410 2840 2584">
     <span class='ocr_line' id='line_1_26' title="bbox 286 2410 2840 2498; baseline -0 -22"><span class='ocrx_word' id='word_1_248' title='bbox 286 2430 337 2467; x_wconf 83' lang='lat'><strong>12</strong></span> <span class='ocrx_word' id='word_1_249' title='bbox 366 2431 665 2496; x_wconf 90' lang='lat' dir='ltr'><strong>pecorum</strong></span> <span class='ocrx_word' id='word_1_250' title='bbox 711 2410 1086 2493; x_wconf 79' lang='lat' dir='ltr'><strong>abegisset?</strong></span> <span class='ocrx_word' id='word_1_251' title='bbox 1156 2413 1548 2493; x_wconf 89' lang='lat' dir='ltr'><strong>quiescerem</strong></span> <span class='ocrx_word' id='word_1_252' title='bbox 1594 2420 1658 2477; x_wconf 90' lang='lat' dir='ltr'><strong>et</strong></span> <span class='ocrx_word' id='word_1_253' title='bbox 1700 2420 1972 2498; x_wconf 89' lang='lat' dir='ltr'><strong>paterer,</strong></span> <span class='ocrx_word' id='word_1_254' title='bbox 2042 2410 2245 2476; x_wconf 91' lang='lat' dir='ltr'><strong>donec</strong></span> <span class='ocrx_word' id='word_1_255' title='bbox 2290 2412 2536 2476; x_wconf 92' lang='lat' dir='ltr'><strong>Pellam</strong></span> <span class='ocrx_word' id='word_1_256' title='bbox 2581 2417 2646 2476; x_wconf 93' lang='lat' dir='ltr'><strong>et</strong></span> <span class='ocrx_word' id='word_1_257' title='bbox 2691 2412 2759 2475; x_wconf 92' lang='lat' dir='ltr'><strong>in</strong></span> <span class='ocrx_word' id='word_1_258' title='bbox 2787 2425 2840 2464; x_wconf 83' lang='lat'><strong>2⁵</strong></span> 
     </span>
     <span class='ocr_line' id='line_1_27' title="bbox 364 2496 2760 2584; baseline 0 -22"><span class='ocrx_word' id='word_1_259' title='bbox 364 2498 611 2581; x_wconf 85' lang='lat' dir='ltr'><strong>regiam</strong></span> <span class='ocrx_word' id='word_1_260' title='bbox 682 2518 895 2562; x_wconf 90' lang='lat' dir='ltr'><strong>meam</strong></span> <span class='ocrx_word' id='word_1_261' title='bbox 976 2506 1253 2563; x_wconf 87' lang='lat' dir='ltr'><strong>armatus</strong></span> <span class='ocrx_word' id='word_1_262' title='bbox 1336 2498 1783 2584; x_wconf 77' lang='lat' dir='ltr'><strong>pervenisset?</strong></span> <span class='ocrx_word' id='word_1_263' title='bbox 1860 2507 1927 2564; x_wconf 91' lang='lat' dir='ltr'><strong>at</strong></span> <span class='ocrx_word' id='word_1_264' title='bbox 2009 2499 2178 2563; x_wconf 92' lang='lat' dir='ltr'><strong>enim</strong></span> <span class='ocrx_word' id='word_1_265' title='bbox 2245 2498 2415 2562; x_wconf 92' lang='lat' dir='ltr'><strong>bello</strong></span> <span class='ocrx_word' id='word_1_266' title='bbox 2497 2496 2760 2579; x_wconf 92' lang='lat' dir='ltr'><strong>quidem</strong></span> 
     </span>
    </p>
   </div>
   <div class='ocr_carea' id='block_1_3' title="bbox 363 2638 779 2647">
    <p class='ocr_par' dir='ltr' id='par_1_11' title="bbox 363 2638 779 2647">
     <span class='ocr_line' id='line_1_28' title="bbox 363 2638 779 2647; baseline 0 1610"><span class='ocrx_word' id='word_1_267' title='bbox 363 2638 779 2647; x_wconf 95' lang='lat' dir='ltr'><strong> </strong></span> 
     </span>
    </p>
   </div>
   <div class='ocr_carea' id='block_1_4' title="bbox 363 2719 2762 2893">
    <p class='ocr_par' dir='ltr' id='par_1_12' title="bbox 363 2719 2762 2893">
     <span class='ocr_line' id='line_1_29' title="bbox 573 2719 2762 2805; baseline 0.002 -31"><span class='ocrx_word' id='word_1_268' title='bbox 573 2726 617 2774; x_wconf 92' lang='lat'><strong>1.</strong></span> <span class='ocrx_word' id='word_1_269' title='bbox 680 2721 910 2803; x_wconf 78' lang='lat' dir='ltr'><strong>aliumm</strong></span> <span class='ocrx_word' id='word_1_270' title='bbox 944 2719 962 2789; x_wconf 95' lang='grc' dir='ltr'><strong>ΙΙ</strong></span> <span class='ocrx_word' id='word_1_271' title='bbox 1001 2721 1219 2790; x_wconf 83' lang='lat' dir='ltr'><strong>quam*.</strong></span> <span class='ocrx_word' id='word_1_272' title='bbox 1270 2721 1278 2788; x_wconf 90' lang='grc' dir='ltr'>Ι</span> <span class='ocrx_word' id='word_1_273' title='bbox 1334 2722 1755 2805; x_wconf 77' lang='lat' dir='ltr'><strong>quaemquam*.</strong></span> <span class='ocrx_word' id='word_1_274' title='bbox 1817 2722 1825 2789; x_wconf 89' lang='grc' dir='ltr'>Ι</span> <span class='ocrx_word' id='word_1_275' title='bbox 1903 2726 1952 2776; x_wconf 86' lang='grc'><strong>2.</strong></span> <span class='ocrx_word' id='word_1_276' title='bbox 1992 2725 2304 2778; x_wconf 86' lang='lat' dir='ltr'><strong>Rammum.</strong></span> <span class='ocrx_word' id='word_1_277' title='bbox 2361 2721 2369 2791; x_wconf 92' lang='grc' dir='ltr'>Ι</span> <span class='ocrx_word' id='word_1_278' title='bbox 2429 2726 2478 2777; x_wconf 86' lang='lat'><strong>3.</strong></span> <span class='ocrx_word' id='word_1_279' title='bbox 2541 2723 2762 2779; x_wconf 84' lang='lat' dir='ltr'><strong>Thaba-</strong></span> 
     </span>
     <span class='ocr_line' id='line_1_30' title="bbox 363 2823 2762 2893; baseline 0 -14"><span class='ocrx_word' id='word_1_280' title='bbox 363 2843 578 2880; x_wconf 90' lang='lat' dir='ltr'><strong>norum.</strong></span> <span class='ocrx_word' id='word_1_281' title='bbox 628 2823 638 2892; x_wconf 98' lang='grc' dir='ltr'>Ι</span> <span class='ocrx_word' id='word_1_282' title='bbox 687 2829 736 2878; x_wconf 90' lang='grc'><strong>4.</strong></span> <span class='ocrx_word' id='word_1_283' title='bbox 774 2826 1085 2880; x_wconf 86' lang='lat' dir='ltr'><strong>Arcetauri.</strong></span> <span class='ocrx_word' id='word_1_284' title='bbox 1136 2827 1144 2891; x_wconf 96' lang='grc' dir='ltr'>Ι</span> <span class='ocrx_word' id='word_1_285' title='bbox 1193 2831 1241 2881; x_wconf 90' lang='grc'><strong>6.</strong></span> <span class='ocrx_word' id='word_1_286' title='bbox 1281 2828 1611 2881; x_wconf 84' lang='lat' dir='ltr'><strong>exsolasse*.</strong></span> <span class='ocrx_word' id='word_1_287' title='bbox 1662 2825 1671 2893; x_wconf 97' lang='grc' dir='ltr'>Ι</span> <span class='ocrx_word' id='word_1_288' title='bbox 1720 2831 1767 2880; x_wconf 92' lang='grc'><strong>7.</strong></span> <span class='ocrx_word' id='word_1_289' title='bbox 1823 2833 2421 2883; x_wconf 86' lang='lat' dir='ltr'><strong>sumereaccusaturus.</strong></span> <span class='ocrx_word' id='word_1_290' title='bbox 2466 2826 2475 2893; x_wconf 92' lang='grc' dir='ltr'>Ι</span> <span class='ocrx_word' id='word_1_291' title='bbox 2519 2828 2568 2880; x_wconf 89' lang='grc'><strong>8.</strong></span> <span class='ocrx_word' id='word_1_292' title='bbox 2624 2828 2762 2882; x_wconf 85' lang='lat' dir='ltr'><strong>faoi-</strong></span> 
     </span>
    </p>
   </div>
   <div class='ocr_carea' id='block_1_5' title="bbox 362 2925 2765 3359">
    <p class='ocr_par' dir='ltr' id='par_1_13' title="bbox 362 2925 2765 3359">
     <span class='ocr_line' id='line_1_31' title="bbox 362 2925 2761 2999; baseline 0.001 -18"><span class='ocrx_word' id='word_1_293' title='bbox 362 2946 576 2982; x_wconf 88' lang='lat' dir='ltr'><strong>nerum.</strong></span> <span class='ocrx_word' id='word_1_294' title='bbox 609 2925 617 2995; x_wconf 95' lang='grc' dir='ltr'>Ι</span> <span class='ocrx_word' id='word_1_295' title='bbox 653 2933 733 2983; x_wconf 92' lang='grc'><strong>10.</strong></span> <span class='ocrx_word' id='word_1_296' title='bbox 757 2934 1067 2984; x_wconf 86' lang='lat' dir='ltr'><strong>etomneset</strong></span> <span class='ocrx_word' id='word_1_297' title='bbox 1085 2928 1102 2997; x_wconf 95' lang='grc' dir='ltr'><strong>ΙΙ</strong></span> <span class='ocrx_word' id='word_1_298' title='bbox 1122 2931 1482 2999; x_wconf 85' lang='lat' dir='ltr'><strong>aliaegentis*</strong></span> <span class='ocrx_word' id='word_1_299' title='bbox 1510 2929 1589 2995; x_wconf 86' lang='grc'><strong>(01</strong></span> <span class='ocrx_word' id='word_1_300' title='bbox 1613 2948 1804 2985; x_wconf 86' lang='lat' dir='ltr'><strong>omnes</strong></span> <span class='ocrx_word' id='word_1_301' title='bbox 1816 2932 2009 2986; x_wconf 84' lang='lat' dir='ltr'><strong>Italiae</strong></span> <span class='ocrx_word' id='word_1_302' title='bbox 2034 2932 2218 2999; x_wconf 86' lang='lat' dir='ltr'><strong>gentis</strong></span> <span class='ocrx_word' id='word_1_303' title='bbox 2244 2934 2374 2985; x_wconf 82' lang='lat' dir='ltr'><strong>coni.</strong></span> <span class='ocrx_word' id='word_1_304' title='bbox 2401 2930 2599 2998; x_wconf 83' lang='lat' dir='ltr'><strong>Hertz.)</strong></span> <span class='ocrx_word' id='word_1_305' title='bbox 2633 2928 2643 2998; x_wconf 94' lang='grc' dir='ltr'>Ι</span> <span class='ocrx_word' id='word_1_306' title='bbox 2678 2935 2761 2984; x_wconf 98' lang='grc'><strong>11.</strong></span> 
     </span>
     <span class='ocr_line' id='line_1_32' title="bbox 363 3013 2763 3086; baseline 0.001 -17"><span class='ocrx_word' id='word_1_307' title='bbox 363 3015 646 3083; x_wconf 82' lang='lat' dir='ltr'><strong>sinusqua“&#39;</strong></span> <span class='ocrx_word' id='word_1_308' title='bbox 665 3013 681 3082; x_wconf 92' lang='grc' dir='ltr'><strong>ΙΙ</strong></span> <span class='ocrx_word' id='word_1_309' title='bbox 701 3016 1568 3084; x_wconf 79' lang='lat' dir='ltr'><strong>exulifuturuslocusestegotami</strong></span> <span class='ocrx_word' id='word_1_310' title='bbox 1584 3014 1601 3083; x_wconf 95' lang='grc' dir='ltr'><strong>ΙΙ</strong></span> <span class='ocrx_word' id='word_1_311' title='bbox 1618 3017 1840 3084; x_wconf 84' lang='grc'>1810111*,</span> <span class='ocrx_word' id='word_1_312' title='bbox 1898 3018 1944 3071; x_wconf 85' lang='grc'><strong>81</strong></span> <span class='ocrx_word' id='word_1_313' title='bbox 1999 3034 2276 3086; x_wconf 87' lang='lat' dir='ltr'><strong>nusquam</strong></span> <span class='ocrx_word' id='word_1_314' title='bbox 2331 3018 2483 3072; x_wconf 87' lang='lat' dir='ltr'><strong>exuli</strong></span> <span class='ocrx_word' id='word_1_315' title='bbox 2536 3018 2763 3071; x_wconf 85' lang='lat' dir='ltr'><strong>futurus</strong></span> 
     </span>
     <span class='ocr_line' id='line_1_33' title="bbox 364 3100 2761 3173; baseline 0 -18"><span class='ocrx_word' id='word_1_316' title='bbox 364 3102 522 3155; x_wconf 86' lang='lat' dir='ltr'><strong>locus</strong></span> <span class='ocrx_word' id='word_1_317' title='bbox 560 3100 735 3168; x_wconf 86' lang='lat' dir='ltr'><strong>(exuli</strong></span> <span class='ocrx_word' id='word_1_318' title='bbox 771 3103 928 3157; x_wconf 86' lang='lat' dir='ltr'><strong>locus</strong></span> <span class='ocrx_word' id='word_1_319' title='bbox 951 3102 1202 3172; x_wconf 72' lang='lat' dir='ltr'><strong>Madviy)</strong></span> <span class='ocrx_word' id='word_1_320' title='bbox 1243 3103 1366 3157; x_wconf 72' lang='grc'><strong>0811&gt;</strong></span> <span class='ocrx_word' id='word_1_321' title='bbox 1403 3120 1507 3170; x_wconf 88' lang='lat' dir='ltr'><strong>ego</strong></span> <span class='ocrx_word' id='word_1_322' title='bbox 1543 3108 1731 3157; x_wconf 82' lang='lat' dir='ltr'><strong>tamen</strong></span> <span class='ocrx_word' id='word_1_323' title='bbox 1766 3104 1920 3171; x_wconf 76' lang='lat' dir='ltr'><strong>istos,</strong></span> <span class='ocrx_word' id='word_1_324' title='bbox 1957 3108 2020 3157; x_wconf 88' lang='grc'><strong>111</strong></span> <span class='ocrx_word' id='word_1_325' title='bbox 2048 3108 2125 3157; x_wconf 87' lang='lat' dir='ltr'><strong>ed.</strong></span> <span class='ocrx_word' id='word_1_326' title='bbox 2152 3105 2284 3157; x_wconf 80' lang='lat' dir='ltr'><strong>Bas.</strong></span> <span class='ocrx_word' id='word_1_327' title='bbox 2311 3101 2478 3171; x_wconf 79' lang='lat'><em>1531,</em></span> <span class='ocrx_word' id='word_1_328' title='bbox 2520 3105 2761 3173; x_wconf 82' lang='lat' dir='ltr'><strong>Madvi9‚</strong></span> 
     </span>
     <span class='ocr_line' id='line_1_34' title="bbox 364 3188 2765 3259; baseline 0.001 -16"><span class='ocrx_word' id='word_1_329' title='bbox 364 3188 412 3243; x_wconf 83' lang='lat' dir='ltr'><strong>si</strong></span> <span class='ocrx_word' id='word_1_330' title='bbox 447 3204 722 3255; x_wconf 84' lang='lat' dir='ltr'><strong>nusquam</strong></span> <span class='ocrx_word' id='word_1_331' title='bbox 778 3191 931 3243; x_wconf 87' lang='lat' dir='ltr'><strong>exuli</strong></span> <span class='ocrx_word' id='word_1_332' title='bbox 968 3190 1125 3244; x_wconf 89' lang='lat' dir='ltr'><strong>locus</strong></span> <span class='ocrx_word' id='word_1_333' title='bbox 1176 3195 1260 3244; x_wconf 83' lang='lat' dir='ltr'><strong>est</strong></span> <span class='ocrx_word' id='word_1_334' title='bbox 1310 3190 1507 3244; x_wconf 80' lang='lat' dir='ltr'><strong>exilii?</strong></span> <span class='ocrx_word' id='word_1_335' title='bbox 1568 3208 1670 3258; x_wconf 87' lang='lat' dir='ltr'><strong>ego</strong></span> <span class='ocrx_word' id='word_1_336' title='bbox 1719 3195 1906 3244; x_wconf 88' lang='lat' dir='ltr'><strong>tamen</strong></span> <span class='ocrx_word' id='word_1_337' title='bbox 1954 3190 2107 3259; x_wconf 79' lang='lat' dir='ltr'><strong>istos,</strong></span> <span class='ocrx_word' id='word_1_338' title='bbox 2169 3195 2233 3243; x_wconf 90' lang='lat' dir='ltr'><strong>ut</strong></span> <span class='ocrx_word' id='word_1_339' title='bbox 2292 3192 2489 3245; x_wconf 74' lang='lat' dir='ltr'><strong>Vahlen</strong></span> <span class='ocrx_word' id='word_1_340' title='bbox 2543 3192 2765 3245; x_wconf 80' lang='lat' dir='ltr'><strong>Hermes</strong></span> 
     </span>
     <span class='ocr_line' id='line_1_35' title="bbox 365 3273 2763 3359; baseline 0.002 -32"><span class='ocrx_word' id='word_1_341' title='bbox 365 3273 504 3329; x_wconf 89' lang='grc'>1877</span> <span class='ocrx_word' id='word_1_342' title='bbox 534 3293 591 3343; x_wconf 82' lang='lat' dir='ltr'><strong>p.</strong></span> <span class='ocrx_word' id='word_1_343' title='bbox 624 3274 733 3327; x_wconf 72' lang='lat'><strong>104</strong></span> <span class='ocrx_word' id='word_1_344' title='bbox 782 3279 844 3329; x_wconf 81' lang='lat' dir='ltr'><strong>cl.</strong></span> <span class='ocrx_word' id='word_1_345' title='bbox 881 3277 953 3329; x_wconf 92' lang='lat' dir='ltr'><strong>II</strong></span> <span class='ocrx_word' id='word_1_346' title='bbox 982 3276 1072 3343; x_wconf 82' lang='lat'><strong>15,</strong></span> <span class='ocrx_word' id='word_1_347' title='bbox 1108 3276 1164 3330; x_wconf 82' lang='lat'><strong>5.</strong></span> <span class='ocrx_word' id='word_1_348' title='bbox 1197 3273 1206 3343; x_wconf 99' lang='grc' dir='ltr'>Ι</span> <span class='ocrx_word' id='word_1_349' title='bbox 1240 3279 1322 3329; x_wconf 88' lang='grc'><strong>13.</strong></span> <span class='ocrx_word' id='word_1_350' title='bbox 1358 3276 1757 3331; x_wconf 85' lang='lat' dir='ltr'><strong>Macedoniam.</strong></span> <span class='ocrx_word' id='word_1_351' title='bbox 1791 3276 1799 3340; x_wconf 95' lang='grc' dir='ltr'>Ι</span> <span class='ocrx_word' id='word_1_352' title='bbox 1834 3280 1915 3330; x_wconf 86' lang='grc'><strong>14.</strong></span> <span class='ocrx_word' id='word_1_353' title='bbox 1974 3276 2236 3359; x_wconf 73' lang='lat' dir='ltr'><strong>regnco*.</strong></span> <span class='ocrx_word' id='word_1_354' title='bbox 2269 3274 2279 3343; x_wconf 98' lang='grc' dir='ltr'>Ι</span> <span class='ocrx_word' id='word_1_355' title='bbox 2314 3280 2396 3331; x_wconf 92' lang='grc'><strong>16.</strong></span> <span class='ocrx_word' id='word_1_356' title='bbox 2419 3278 2763 3347; x_wconf 80' lang='lat' dir='ltr'><strong>regietquae,</strong></span> 
     </span>
    </p>
   </div>
   <div class='ocr_carea' id='block_1_6' title="bbox 357 3376 2765 3904">
    <p class='ocr_par' dir='ltr' id='par_1_14' title="bbox 357 3376 2765 3904">
     <span class='ocr_line' id='line_1_36' title="bbox 362 3376 2765 3450; baseline 0.002 -18"><span class='ocrx_word' id='word_1_357' title='bbox 362 3378 486 3447; x_wconf 85' lang='lat' dir='ltr'><strong>regi</strong></span> <span class='ocrx_word' id='word_1_358' title='bbox 555 3383 618 3431; x_wconf 91' lang='grc'><strong>111</strong></span> <span class='ocrx_word' id='word_1_359' title='bbox 687 3396 828 3446; x_wconf 88' lang='lat' dir='ltr'><strong>quae</strong></span> <span class='ocrx_word' id='word_1_360' title='bbox 900 3380 1090 3432; x_wconf 82' lang='lat' dir='ltr'><strong>Hartel</strong></span> <span class='ocrx_word' id='word_1_361' title='bbox 1151 3398 1210 3450; x_wconf 81' lang='lat' dir='ltr'><strong>p.</strong></span> <span class='ocrx_word' id='word_1_362' title='bbox 1271 3378 1366 3447; x_wconf 86' lang='grc'><strong>28,</strong></span> <span class='ocrx_word' id='word_1_363' title='bbox 1430 3376 1610 3449; x_wconf 55' lang='lat' dir='ltr'><strong>prob:</strong></span> <span class='ocrx_word' id='word_1_364' title='bbox 1657 3381 1725 3433; x_wconf 93' lang='lat' dir='ltr'><strong>H.</strong></span> <span class='ocrx_word' id='word_1_365' title='bbox 1799 3381 1846 3433; x_wconf 93' lang='lat' dir='ltr'><strong>I.</strong></span> <span class='ocrx_word' id='word_1_366' title='bbox 1909 3380 2102 3433; x_wconf 68' lang='lat' dir='ltr'><strong>Miiller</strong></span> <span class='ocrx_word' id='word_1_367' title='bbox 2166 3398 2288 3432; x_wconf 82' lang='lat' dir='ltr'><strong>ann.</strong></span> <span class='ocrx_word' id='word_1_368' title='bbox 2363 3381 2540 3433; x_wconf 86' lang='lat' dir='ltr'><strong>Berol.</strong></span> <span class='ocrx_word' id='word_1_369' title='bbox 2616 3381 2765 3437; x_wconf 87' lang='grc'>1889</span> 
     </span>
     <span class='ocr_line' id='line_1_37' title="bbox 357 3462 2757 3538; baseline 0.002 -19"><span class='ocrx_word' id='word_1_370' title='bbox 357 3485 414 3535; x_wconf 85' lang='lat' dir='ltr'><strong>p.</strong></span> <span class='ocrx_word' id='word_1_371' title='bbox 451 3462 547 3533; x_wconf 84' lang='grc'><strong>36,</strong></span> <span class='ocrx_word' id='word_1_372' title='bbox 606 3468 730 3533; x_wconf 86' lang='lat' dir='ltr'><strong>regi</strong></span> <span class='ocrx_word' id='word_1_373' title='bbox 770 3463 872 3533; x_wconf 86' lang='grc'>[01]</span> <span class='ocrx_word' id='word_1_374' title='bbox 914 3484 1053 3534; x_wconf 86' lang='lat' dir='ltr'><strong>quae</strong></span> <span class='ocrx_word' id='word_1_375' title='bbox 1089 3467 1309 3536; x_wconf 61' lang='lat' dir='ltr'><strong>Madvig]</strong></span> <span class='ocrx_word' id='word_1_376' title='bbox 1363 3468 1482 3519; x_wconf 89' lang='lat' dir='ltr'><strong>Em.</strong></span> <span class='ocrx_word' id='word_1_377' title='bbox 1521 3468 1584 3521; x_wconf 92' lang='lat' dir='ltr'><strong>L.</strong></span> <span class='ocrx_word' id='word_1_378' title='bbox 1613 3488 1671 3538; x_wconf 82' lang='lat' dir='ltr'><strong>p.</strong></span> <span class='ocrx_word' id='word_1_379' title='bbox 1704 3466 1833 3534; x_wconf 77' lang='lat'><strong>644,</strong></span> <span class='ocrx_word' id='word_1_380' title='bbox 1886 3468 2008 3536; x_wconf 87' lang='lat' dir='ltr'><strong>regi</strong></span> <span class='ocrx_word' id='word_1_381' title='bbox 2042 3472 2099 3521; x_wconf 93' lang='grc'><strong>01</strong></span> <span class='ocrx_word' id='word_1_382' title='bbox 2137 3467 2234 3535; x_wconf 89' lang='lat' dir='ltr'><strong>qui</strong></span> <span class='ocrx_word' id='word_1_383' title='bbox 2270 3468 2340 3520; x_wconf 90' lang='lat' dir='ltr'><strong>H.</strong></span> <span class='ocrx_word' id='word_1_384' title='bbox 2382 3468 2430 3520; x_wconf 94' lang='lat' dir='ltr'><strong>I.</strong></span> <span class='ocrx_word' id='word_1_385' title='bbox 2467 3468 2710 3523; x_wconf 72' lang='lat' dir='ltr'><strong>Miiller*.</strong></span> <span class='ocrx_word' id='word_1_386' title='bbox 2747 3467 2757 3538; x_wconf 94' lang='grc' dir='ltr'>Ι</span> 
     </span>
     <span class='ocr_line' id='line_1_38' title="bbox 368 3553 2764 3626; baseline 0.002 -20"><span class='ocrx_word' id='word_1_387' title='bbox 368 3556 448 3607; x_wconf 83' lang='grc'><strong>17.</strong></span> <span class='ocrx_word' id='word_1_388' title='bbox 507 3553 789 3608; x_wconf 84' lang='lat' dir='ltr'><strong>habebant</strong></span> <span class='ocrx_word' id='word_1_389' title='bbox 866 3554 1087 3622; x_wconf 62' lang='lat' dir='ltr'><strong>Madvig]</strong></span> <span class='ocrx_word' id='word_1_390' title='bbox 1146 3557 1180 3607; x_wconf 80' lang='lat' dir='ltr'><strong>l.</strong></span> <span class='ocrx_word' id='word_1_391' title='bbox 1244 3558 1295 3621; x_wconf 81' lang='lat' dir='ltr'><strong>l.,</strong></span> <span class='ocrx_word' id='word_1_392' title='bbox 1368 3557 1462 3608; x_wconf 82' lang='lat' dir='ltr'><strong>sed</strong></span> <span class='ocrx_word' id='word_1_393' title='bbox 1530 3556 1600 3624; x_wconf 85' lang='lat' dir='ltr'><strong>cf.</strong></span> <span class='ocrx_word' id='word_1_394' title='bbox 1664 3556 1851 3609; x_wconf 79' lang='lat' dir='ltr'><strong>Hartel</strong></span> <span class='ocrx_word' id='word_1_395' title='bbox 1911 3558 1943 3608; x_wconf 84' lang='lat' dir='ltr'><strong>Z.</strong></span> <span class='ocrx_word' id='word_1_396' title='bbox 2006 3557 2041 3608; x_wconf 82' lang='lat' dir='ltr'><strong>l.</strong></span> <span class='ocrx_word' id='word_1_397' title='bbox 2109 3564 2157 3608; x_wconf 86' lang='lat' dir='ltr'><strong>et</strong></span> <span class='ocrx_word' id='word_1_398' title='bbox 2219 3555 2437 3607; x_wconf 81' lang='lat' dir='ltr'><strong>Harant</strong></span> <span class='ocrx_word' id='word_1_399' title='bbox 2486 3575 2545 3626; x_wconf 82' lang='lat' dir='ltr'><strong>p.</strong></span> <span class='ocrx_word' id='word_1_400' title='bbox 2624 3556 2764 3625; x_wconf 82' lang='lat'><strong>245,</strong></span> 
     </span>
     <span class='ocr_line' id='line_1_39' title="bbox 361 3638 2762 3712; baseline 0.002 -19"><span class='ocrx_word' id='word_1_401' title='bbox 361 3640 596 3695; x_wconf 81' lang='lat' dir='ltr'><strong>habeam</strong></span> <span class='ocrx_word' id='word_1_402' title='bbox 614 3642 683 3694; x_wconf 93' lang='lat' dir='ltr'><strong>H.</strong></span> <span class='ocrx_word' id='word_1_403' title='bbox 704 3642 750 3693; x_wconf 93' lang='lat' dir='ltr'><strong>I.</strong></span> <span class='ocrx_word' id='word_1_404' title='bbox 766 3640 1002 3695; x_wconf 72' lang='lat' dir='ltr'><strong>Miiller*.</strong></span> <span class='ocrx_word' id='word_1_405' title='bbox 1029 3638 1038 3708; x_wconf 98' lang='grc' dir='ltr'>Ι</span> <span class='ocrx_word' id='word_1_406' title='bbox 1064 3645 1145 3697; x_wconf 90' lang='grc'><strong>19.</strong></span> <span class='ocrx_word' id='word_1_407' title='bbox 1167 3641 1516 3711; x_wconf 85' lang='lat' dir='ltr'><strong>Abrypolim.</strong></span> <span class='ocrx_word' id='word_1_408' title='bbox 1540 3640 1549 3708; x_wconf 96' lang='grc' dir='ltr'>Ι</span> <span class='ocrx_word' id='word_1_409' title='bbox 1571 3645 1655 3696; x_wconf 93' lang='grc'><strong>21.</strong></span> <span class='ocrx_word' id='word_1_410' title='bbox 1674 3642 2181 3698; x_wconf 84' lang='lat' dir='ltr'><strong>hocestexfoedere.</strong></span> <span class='ocrx_word' id='word_1_411' title='bbox 2208 3638 2218 3710; x_wconf 93' lang='grc' dir='ltr'>Ι</span> <span class='ocrx_word' id='word_1_412' title='bbox 2240 3645 2324 3695; x_wconf 89' lang='grc'><strong>22.</strong></span> <span class='ocrx_word' id='word_1_413' title='bbox 2339 3644 2762 3712; x_wconf 85' lang='lat' dir='ltr'><strong>propulsantur.</strong></span> 
     </span>
     <span class='ocr_line' id='line_1_40' title="bbox 368 3724 2765 3811; baseline 0.002 -31"><span class='ocrx_word' id='word_1_414' title='bbox 368 3724 378 3795; x_wconf 94' lang='grc' dir='ltr'>Ι</span> <span class='ocrx_word' id='word_1_415' title='bbox 417 3730 500 3781; x_wconf 86' lang='grc'><strong>23.</strong></span> <span class='ocrx_word' id='word_1_416' title='bbox 538 3726 1014 3797; x_wconf 75' lang='lat' dir='ltr'><strong>AbrypolimfiniS.</strong></span> <span class='ocrx_word' id='word_1_417' title='bbox 1048 3727 1058 3793; x_wconf 95' lang='grc' dir='ltr'>Ι</span> <span class='ocrx_word' id='word_1_418' title='bbox 1087 3729 1502 3798; x_wconf 82' lang='lat' dir='ltr'><strong>Amphypolim.</strong></span> <span class='ocrx_word' id='word_1_419' title='bbox 1537 3727 1546 3796; x_wconf 98' lang='grc' dir='ltr'>Ι</span> <span class='ocrx_word' id='word_1_420' title='bbox 1579 3729 1663 3783; x_wconf 83' lang='lat'><strong>25.</strong></span> <span class='ocrx_word' id='word_1_421' title='bbox 1700 3734 1967 3798; x_wconf 87' lang='lat' dir='ltr'><strong>paterem.</strong></span> <span class='ocrx_word' id='word_1_422' title='bbox 2034 3725 2043 3795; x_wconf 97' lang='grc' dir='ltr'>Ι</span> <span class='ocrx_word' id='word_1_423' title='bbox 2084 3730 2171 3783; x_wconf 82' lang='grc'><strong>26.</strong></span> <span class='ocrx_word' id='word_1_424' title='bbox 2212 3729 2471 3811; x_wconf 72' lang='lat' dir='ltr'><strong>magiam,</strong></span> <span class='ocrx_word' id='word_1_425' title='bbox 2509 3731 2583 3801; x_wconf 85' lang='lat' dir='ltr'><strong>cs.</strong></span> <span class='ocrx_word' id='word_1_426' title='bbox 2625 3731 2765 3784; x_wconf 72' lang='lat' dir='ltr'><strong>Gize-</strong></span> 
     </span>
     <span class='ocr_line' id='line_1_41' title="bbox 364 3829 1044 3904; baseline 0.004 -20"><span class='ocrx_word' id='word_1_427' title='bbox 364 3831 523 3885; x_wconf 80' lang='lat' dir='ltr'><strong>bauer</strong></span> <span class='ocrx_word' id='word_1_428' title='bbox 548 3850 609 3904; x_wconf 82' lang='lat' dir='ltr'><strong>p.</strong></span> <span class='ocrx_word' id='word_1_429' title='bbox 648 3831 733 3885; x_wconf 86' lang='lat'><strong>70.</strong></span> <span class='ocrx_word' id='word_1_430' title='bbox 768 3829 777 3899; x_wconf 96' lang='grc' dir='ltr'>Ι</span> <span class='ocrx_word' id='word_1_431' title='bbox 809 3833 1044 3887; x_wconf 87' lang='lat' dir='ltr'><strong>adenim.</strong></span> 
     </span>
    </p>
   </div>
  </div>
 </body>
</html>
