3005 4257
387 184 470 249 38
906 182 1133 237 LIBER.
1161 182 1329 237 XLII.
1370 182 1522 236 CAP.
1560 185 1643 235 31.
1684 185 1765 235 32.
1806 180 1876 249 [a.
1913 183 1979 237 U·
2019 199 2063 235 c.
2103 178 2228 247 583]

333 374 356 412 3
384 355 736 437 aequaliter
794 354 860 418 in
920 354 1208 436 singulas
1268 353 1577 435 legiones,
1657 361 1720 417 et
1779 353 1845 417 in
1906 353 2125 418 sociali
2186 352 2468 418 exercitu
2530 352 2777 417 consuli

384 442 572 507 alteri
602 447 832 507 auctus
862 460 1196 507 numerus:
1229 440 1521 511 sedecim¹
1540 440 1715 505 milia
1758 438 2046 524 peditum
2069 439 2488 521 octingentos¹
2506 439 2772 521 equiteS,

384 536 640 615 praeter
702 547 830 608 eoS,
904 546 1066 608 quos
1112 527 1226 592 Cn.
1293 526 1565 593 Sicinius
1626 525 1933 607 duxisset,
2008 533 2334 591 sescentos
2381 526 2649 607 equites,
2711 527 2777 590 in

332 634 359 670 4
384 615 829 682 Macedoniam
860 615 1176 679 traiceret.
1229 614 1456 680 Italiae
1488 614 1642 679 satis
1689 613 1831 679 visa
1861 611 2200 679 duodecim
2247 613 2420 677 milia
2464 613 2777 678 sociorum

384 703 689 788 peditum,
739 702 1016 769 sescenti
1063 701 1330 783 equites.
1377 701 1538 765 illud
1591 720 1843 783 quoque
1889 701 2303 785 praecipuum
2354 700 2573 764 datum
2621 701 2777 767 sorti
2805 717 2832 756 5

385 788 816 869 Macedoniae,
878 794 950 853 ut
1009 788 1412 853 centuriones
1481 787 1846 869 militesque
1905 795 2159 852 veteres
2220 786 2546 864 scriberet,
2618 807 2777 870 quos

331 893 356 931 ⁵
382 877 596 958 vellet,
649 875 870 940 consul
915 894 1121 956 usque
1166 875 1249 938 ad
1291 873 1759 956 quinquaginta
1804 894 2024 939 annos.
2074 875 2141 938 in
2183 873 2459 940 tribunis
2507 873 2778 939 militum

382 971 688 1029 novatum
736 983 811 1027 eo
863 982 1031 1029 anno
1089 967 1350 1046 propter
1394 959 1879 1026 Macedonicum
1939 961 2196 1041 bellum,
2262 959 2434 1042 quod
2480 963 2780 1027 consules

383 1073 463 1117 ex
517 1055 777 1115 senatus
839 1050 1128 1114 consulto
1189 1048 1273 1113 ad
1332 1049 1634 1134 populum
1667 1049 1995 1127 tulerunt,
2056 1069 2135 1112 ne
2196 1046 2433 1114 tribuni
2502 1047 2790 1117 militum

383 1158 459 1202 eo
519 1157 690 1201 anno
752 1135 1074 1217 suffragiis
1144 1143 1523 1213 crearentur,
1585 1134 1699 1199 sed
1768 1135 2097 1199 consulum
2164 1141 2652 1218 praetorumque
2712 1135 2778 1199 in
2809 1152 2859 1188 10

331 1241 355 1278 6
381 1225 460 1289 iis
530 1222 837 1288 faciendis
911 1221 1218 1286 iudicium
1290 1221 1747 1300 arbitriumque
1809 1229 1997 1286 esset.
2070 1221 2236 1285 inter
2300 1229 2629 1304 praetores
2688 1222 2783 1286 ita

382 1309 618 1395 partita
683 1308 984 1393 imperia:
1059 1314 1440 1392 praetorem,
1522 1309 1704 1373 cuius
1775 1327 1913 1372 sors
1988 1307 2234 1388 fuisset,
2303 1315 2372 1372 ut
2439 1307 2577 1388 iret,
2653 1327 2780 1389 quo

330 1412 353 1450 ‘1
383 1403 642 1461 senatus
712 1395 1085 1476 censuisset,
1150 1395 1558 1460 Brundisium
1617 1394 1704 1458 ad
1764 1395 2039 1459 classem
2106 1395 2199 1459 ire
2263 1395 2517 1478 placuit,
2583 1402 2779 1477 atque

381 1483 469 1546 ibi
506 1502 968 1564 recognoscere
1007 1482 1214 1546 socios
1256 1482 1535 1565 navales,
1567 1481 1988 1563 dimissisque,
2041 1481 2095 1545 si
2141 1481 2254 1562 qui
2291 1501 2519 1565 parum
2562 1480 2779 1547 idonei

383 1575 612 1650 essent,
648 1570 1158 1653 supplementum
1191 1568 1406 1651 legere
1439 1589 1520 1632 ex
1550 1567 1881 1648 libertiniS,
1925 1575 1989 1632 et
2021 1567 2173 1632 dare
2206 1588 2483 1652 operam,
2508 1574 2580 1631 ut
2610 1568 2777 1634 duae
2808 1584 2857 1622 1⁵

327 1680 353 1720 ε
379 1663 593 1741 partes
625 1655 859 1720 civium
891 1656 1333 1735 Romanorum,
1367 1654 1558 1719 tertia
1587 1654 1900 1721 sociorum
1932 1662 2123 1720 esset.
2164 1660 2558 1720 commeatus
2584 1655 2776 1720 classi

380 1742 868 1826 legionibusque
912 1748 982 1805 ut
1029 1763 1108 1806 ex
1155 1741 1373 1807 Sicilia
1419 1740 1838 1825 Sardiniaque
1892 1740 2413 1821 subveherentur,
2475 1742 2777 1826 praetori-

383 1833 516 1909 bus,
568 1831 683 1914 qui
728 1848 839 1894 eas
871 1829 1233 1913 provincias
1266 1828 1472 1894 sortiti
1519 1834 1751 1912 essent,
1780 1827 2070 1893 mandari
2116 1828 2373 1913 placuit,
2422 1835 2493 1893 ut
2537 1828 2775 1893 alteras

380 1916 681 1981 decumas
717 1915 947 1981 Siculis
996 1914 1343 1998 Sardisque
1373 1916 1781 2001 imperarent,
1829 1913 1999 1996 quod
2039 1915 2425 1980 frumentum
2473 1915 2558 1978 ad
2603 1936 2776 1980 exer-

328 2028 352 2066 9
381 2004 573 2069 citum
633 2003 700 2067 in
760 2003 1202 2067 Macedoniam
1250 2009 1625 2086 portaretur.
1694 2002 1976 2068 Siciliam
2040 2003 2110 2085 C.
2160 2000 2463 2067 Caninius
2509 2002 2774 2067 Rebilus
2803 2016 2854 2055 20

380 2096 479 2156 est
509 2090 787 2171 Sortitus,
824 2090 891 2154 L.
930 2089 1161 2155 Furius
1184 2089 1405 2155 Philus
1434 2088 1814 2170 Sardiniam,
1848 2089 1925 2152 L.
1966 2087 2319 2154 Canuleius
2349 2089 2774 2175 Hispaniam,

381 2178 449 2243 C.
506 2177 826 2263 Sulpicius
890 2176 1099 2241 Galba
1155 2179 1462 2243 urbanam
1524 2177 2041 2257 iurisdictionem,
2106 2177 2176 2241 L.
2224 2173 2451 2241 Villius
2504 2176 2775 2241 Annalis

378 2266 543 2329 inter
588 2263 990 2348 peregrinos3
1038 2263 1105 2327 C.
1141 2263 1436 2328 Lucretio
1482 2263 1684 2344 Gallo,
1737 2283 1862 2345 quo
1908 2270 2169 2328 senatus
2217 2263 2590 2341 censuisset,
2635 2283 2774 2328 sors

380 2351 654 2417 obvenit.

330 2515 351 2550 1
586 2488 870 2552 XXXII.
917 2488 1094 2551 Inter
1139 2486 1434 2552 consules
1480 2487 1687 2569 magis
1735 2486 2057 2552 cavillatio
2105 2507 2296 2570 quam
2341 2508 2580 2570 magna
2626 2508 2771 2552 con·
2802 2501 2852 2539 25

378 2576 578 2640 tentio
646 2574 726 2639 de
799 2573 1123 2659 provincia
1198 2573 1336 2639 fuit.
1416 2573 1675 2639 Cassius
1737 2575 1872 2638 sine
1950 2580 2117 2639 sorte
2195 2594 2263 2638 se
2324 2572 2769 2639 Macedoniam

588 2840 632 2889 1.
657 2835 857 2917 etein.*
881 2835 888 2902 Ι
914 2837 1425 2891 οοίε.ε.11;θι·αιιοί;1ιε.
1450 2833 1456 2901 Ι
1480 2839 1530 2888 2.
1545 2834 1921 2902 ιιιιΙΙῑῑιθτηεᾶθ
1943 2861 1955 2874 ·
1979 2835 2107 2889 CCC
2131 2863 2141 2874 ·
2163 2837 2378 2903 equites
2401 2837 2485 2890 CC
2505 2838 2626 2890 Lm.
2647 2839 2768 2890 Lm.

375 2958 445 3008 pe
463 2937 479 3006 ΙΙ
499 2926 883 3021 ditumodffi
908 2967 919 2979 ·
941 2942 1475 3008 equitespraetereos
1493 2938 1512 3007 ΙΙ
1533 2957 1745 3021 quoscn
1767 2967 1778 2978 ·
1800 2927 2392 2995 siciniusduxissetdff·
2416 2940 2573 3009 equill
2597 2943 2731 2997 tes*.
2757 2941 2769 3010 Ι

372 3049 423 3099 4.
483 3045 1134 3099 ·ΧΙΙ·Π1ἰ1ἰ11Πιεοοίοι·11”
1167 3043 1184 3110 ΙΙ
1218 3028 1592 3113 Ρθᾶὶῒιιηιάἇ*
1623 3042 1634 3111 Ι
1684 3048 1732 3097 7.
1769 3045 1828 3096 in
1848 3042 1863 3111 ΙΙ
1882 3028 2088 3097 ‘tr-mil
2111 3072 2121 3083 ·
2143 3046 2457 3098 nouatum*.
2507 3043 2515 3112 Ι
2564 3048 2614 3100 8.
2654 3046 2771 3099 Ma-

377 3132 748 3186 caedonicum.
783 3130 792 3200 Ι
827 3135 906 3184 10.
945 3131 1216 3198 suffragis.
1252 3130 1260 3198 Ι
1293 3130 1415 3184 inis,
1449 3128 1458 3197 Ι
1493 3135 1573 3183 11.
1614 3131 2096 3198 arbitriumquae*.
2142 3127 2149 3198 Ι
2197 3135 2275 3184 12.
2314 3132 2716 3198 praetorcuius.
2758 3132 2769 3200 Ι

375 3220 523 3286 quod
543 3216 562 3286 ΙΙ
581 3219 853 3272 senatus*.
889 3216 897 3285 Ι
933 3221 1012 3271 13.
1035 3218 1292 3284 adqueibi
1334 3220 1530 3284 (utque
1551 3218 1628 3270 ibi
1665 3220 1741 3270 ed.
1780 3219 1908 3270 Bas,
1951 3216 2136 3282 1531.)
2167 3217 2175 3283 Ι
2212 3221 2291 3271 14.
2323 3225 2770 3286 recognosceret,

374 3323 510 3357 corr.
548 3306 768 3358 Bekker.
802 3301 811 3370 Ι
847 3306 926 3358 15.
965 3305 1152 3371 legere
1190 3306 1423 3370 (legeret
1461 3307 1538 3357 ed.
1577 3303 1753 3368 Bas).
1789 3302 1797 3371 Ι
1830 3306 2061 3372 etdaret,
2099 3323 2233 3358 corr.
2274 3306 2479 3357 Beki-er
2506 3303 2604 3374 (cf.
2631 3309 2693 3358 de
2717 3308 2766 3359 Ιι.

375 3394 406 3443 I.
456 3393 651 3445 Vahlen
687 3394 873 3460 ephem.
911 3391 1090 3446 Austr.
1129 3389 1278 3443 1861
1305 3410 1363 3460 p.
1402 3390 1566 3456 254).
1599 3390 1607 3456 Ι
1643 3394 1723 3445 17.
1764 3392 2472 3446 Sardiniasubueherentur.
2507 3392 2514 3455 Ι
2557 3394 2630 3445 18.
2673 3394 2770 3461 qui

375 3480 495 3531 add.
532 3480 609 3530 ed.
641 3480 767 3530 Bas.
789 3477 953 3531 1531.
1009 3477 1018 3543 Ι
1073 3475 1352 3544 alcellras,
1389 3480 1464 3547 cf.
1507 3479 1781 3531 Gitlbauer
1812 3497 1867 3546 p.
1893 3477 1982 3532 99.
2037 3477 2045 3545 Ι
2104 3482 2184 3532 19.
2211 3479 2769 3545 utquodfrumentum

377 3563 571 3632 (utque
620 3566 680 3618 id
727 3566 1069 3619 frumentum
1119 3569 1195 3619 ed.
1243 3566 1370 3617 Βαε.
1421 3564 1618 3632 1531),
1667 3584 1800 3619 corr.
1849 3567 2045 3620 Vahlen
2092 3569 2125 3618 l.
2163 3569 2196 3619 l.
2243 3586 2296 3635 p.
2331 3565 2463 3619 251.
2514 3566 2521 3631 Ι
2570 3571 2652 3620 20.
2692 3569 2771 3623 M.

376 3651 887 3720 Caniniusregilius‚
925 3671 1061 3706 corr.
1099 3657 1175 3705 ed.
1200 3655 1327 3706 Bas.
1356 3643 1519 3705 1531.
1553 3650 1561 3719 Ι
1594 3655 1677 3706 21.
1707 3653 2010 3706 Sardiniam
2039 3654 2094 3707 C.
2125 3654 2421 3721 Sulpicius.
2456 3650 2464 3719 Ι
2497 3656 2580 3707 22.
2607 3655 2769 3708 iuris-

375 3738 675 3793 dictionem
710 3758 771 3793 ex
806 3739 1226 3794 iurisdicionem
1260 3739 1421 3793 corr*.
1464 3736 1473 3806 Ι
1519 3741 1574 3794 C.
1611 3741 1785 3794 Iulius
1835 3739 1919 3806 (L.
1957 3741 2134 3794 Iulius
2184 3744 2260 3793 ed.
2297 3741 2426 3793 Bas,
2467 3738 2663 3807 1531),
2701 3743 2765 3795 L.

375 3843 576 3897 Villius
614 3845 873 3914 siqonius.
906 3841 916 3908 Ι
947 3848 1030 3897 23.
1070 3828 1401 3899 §.lucretia
1437 3842 1445 3910 Ι
1477 3847 1561 3898 24.
1601 3845 1786 3899 euenit
1825 3848 1900 3898 ed.
1938 3847 2065 3898 Βαε.
2107 3844 2268 3899 1531.
2302 3845 2311 3909 Ι
2359 3848 2441 3898 26.
2481 3845 2765 3899 sineforte.
