3005 4257
415 213 456 275 6
1038 208 1259 263 LIBER
1297 210 1462 266 XLII.
1504 210 1657 264 GAP.
1696 212 1744 263 5.
1785 209 1803 274 Ι
1809 229 1854 263 a.
1893 211 1955 265 U.
1995 228 2040 264 c.
2078 210 2204 278 581]

415 383 554 448 eius
585 379 873 456 inclinati
919 380 1134 459 animi,
1193 387 1256 445 et
1284 378 1610 464 aliquanto
1645 401 1836 465 quam
1867 382 1933 446 in
1965 383 2313 447 Eumenem
2345 383 2801 468 propensiores,

361 488 386 526 3
417 489 561 535 cum
607 466 914 531 Eumenis
961 465 1293 532 beneficiis
1339 465 1834 551 muneribusque
1890 488 2111 534 omnes
2158 469 2465 534 Graeciae
2512 469 2801 536 civitates

416 562 480 620 et
525 555 811 639 plerique
878 553 1237 639 principum
1298 554 1569 638 obligati
1630 561 1864 634 essent,
1930 562 1993 619 et
2051 555 2144 620 ita
2208 575 2278 620 se
2323 556 2389 620 in
2433 577 2631 640 regno
2694 577 2800 623 suo

415 642 684 726 gereret,
728 646 817 721 ut,
883 659 1046 720 quae
1107 642 1226 706 sub
1289 641 1541 706 dicione
1587 642 1724 707 eius
1770 641 1962 706 urbes
2009 653 2221 723 essent,
2285 643 2521 708 nullius
2567 644 2800 708 liberae

361 749 387 785 4
417 727 694 793 civitatis
740 727 1057 791 fortunam
1105 745 1326 793 secum
1374 734 1686 792 mutatam
1738 729 1995 793 Vellent.
2087 737 2306 794 contra
2350 731 2593 795 Persea
2635 730 2800 795 fama
2826 752 2851 791 5

414 823 550 881 erat
596 823 741 899 post
786 814 986 898 patris
1031 821 1297 878 mortem
1342 835 1610 880 uxorem
1655 835 1847 880 manu
1909 835 2027 880 sua
2087 815 2429 899 occidisse;
2494 817 2797 901 Apellem,

412 903 769 967 ministrum
816 898 1138 981 quondam
1199 900 1446 967 fraudis
1493 901 1558 966 in
1605 902 1801 967 fratre
1846 902 2128 967 tollendo
2188 910 2381 987 atque
2444 906 2523 968 ob
2585 902 2651 966 id
2698 902 2797 990 [et]

416 989 770 1072 quaesitum
816 1008 856 1051 a
899 987 1202 1073 Philippo
1248 987 1334 1053 ad
1364 988 1770 1074 supplicium,
1821 990 2186 1054 exulantem
2232 989 2613 1055 accersitum
2659 998 2800 1074 post

411 1076 613 1161 patris
672 1081 940 1139 mortem
1001 1074 1372 1157 ingentibus
1430 1076 1763 1161 promissis
1823 1074 1907 1140 ad
1965 1076 2251 1161 praemia
2309 1083 2525 1141 tantae
2584 1098 2799 1162 perpe·

362 1180 388 1219 ⁵
415 1170 622 1228 tratae
652 1162 743 1225 rei
777 1162 942 1226 clam
974 1161 1392 1228 interfecisse.
1443 1163 1763 1228 intestinis
1796 1163 2207 1244 externisque
2230 1170 2568 1248 praeterea
2589 1165 2801 1230 multis
2830 1187 2879 1225 ιο

415 1249 719 1315 caedibus
766 1247 1066 1312 infamem
1111 1269 1230 1313 nec
1275 1250 1409 1314 ullo
1457 1248 2032 1315 commendabilem
2085 1251 2309 1314 merito
2356 1251 2800 1335 praeferebant

413 1337 611 1420 vulgo
658 1335 954 1400 civitates
1000 1342 1132 1399 tam
1178 1335 1285 1419 pio
1332 1356 1488 1418 erga
1516 1337 1925 1422 propinquos,
1974 1344 2106 1400 tam
2136 1337 2305 1402 iusto
2336 1336 2401 1400 in
2435 1337 2627 1417 cives,
2675 1345 2800 1402 tam

365 1439 390 1478 6
419 1421 717 1488 munifico
763 1441 920 1504 erga
966 1442 1185 1487 omnes
1237 1422 1537 1504 homines⁴
1574 1423 1735 1506 regi,
1792 1443 1906 1488 seu
1936 1423 2108 1488 fama
2139 1431 2202 1489 et
2231 1423 2567 1488 maiestate
2598 1423 2803 1490 Mace—

416 1508 654 1575 donum
701 1529 926 1592 regum
971 1510 1426 1593 praeoccupati
1471 1507 1556 1572 ad
1604 1508 2025 1594 spernendam
2075 1511 2388 1593 originem
2421 1510 2569 1575 novi
2599 1512 2798 1593 regni,

414 1617 529 1661 seu
592 1595 960 1659 mutationis
1020 1615 1231 1660 rerum
1292 1595 1529 1680 cupidi,
1595 1617 1711 1662 seu
1774 1593 1922 1677 quia
1980 1620 2101 1661 sua
2164 1618 2289 1662 non
2350 1597 2605 1662 obiecta
2664 1618 2804 1664 esse
2833 1620 2885 1658 15

361 1698 384 1738 ⁷
414 1683 719 1748 Romanis
764 1681 1090 1746 volebant.
1139 1689 1320 1746 erant
1363 1689 1581 1747 autem
1614 1703 1737 1748 non
1771 1680 1985 1748 Aetoli
2031 1682 2219 1748 modo
2265 1684 2330 1748 in
2378 1682 2801 1749 seditionibus

409 1777 670 1855 propter
713 1769 1039 1851 ingentem
1082 1766 1214 1833 vim
1260 1769 1430 1834 aeris
1477 1769 1690 1850 alieni,
1764 1770 1880 1834 sed
1924 1769 2219 1835 Thessali
2265 1770 2489 1853 etiam3
2551 1779 2615 1836 et
2662 1791 2804 1836 con—

411 1858 694 1940 tagione,
725 1856 902 1921 velut
932 1855 1136 1938 tabes,
1168 1856 1232 1920 in
1265 1855 1724 1921 Perrhaebiam
1760 1877 2015 1940 quoque
2047 1857 2115 1921 id
2145 1865 2515 1941 pervaserat
2546 1858 2801 1927 malum.

357 1956 383 1995 8
412 1963 555 2008 cum
603 1942 952 2007 Thessalos
1011 1943 1076 2007 in
1135 1943 1330 2009 armis
1392 1963 1539 2008 esse
1600 1944 1959 2009 nuntiatum
2020 1952 2210 2024 esset,
2282 1944 2404 2028 Ap.
2466 1943 2806 2009 Claudium

413 2030 695 2113 legatum
742 2027 826 2093 ad
873 2049 981 2094 eas
1026 2049 1130 2094 res
1176 2029 1585 2114 aspiciendas
1654 2030 2233 2115 conponendasque
2303 2036 2566 2097 senatus
2611 2032 2801 2097 misit.
2836 2053 2889 2092 20

360 2133 385 2171 9
415 2118 525 2202 qui
570 2117 902 2201 utriusque
945 2116 1148 2201 partis
1195 2117 1591 2203 principibus
1653 2118 2010 2201 castigatiS,
2074 2139 2217 2183 cum
2264 2117 2501 2184 iniusto
2546 2119 2808 2186 faenore

415 2212 750 2288 gravatum
792 2223 905 2269 aes
950 2203 1248 2285 alienum,
1299 2204 1461 2289 ipsis
1507 2225 1742 2287 magna
1785 2226 1868 2269 ex
1912 2214 2094 2289 parte
2125 2205 2649 2287 concedentibus,
2697 2207 2807 2287 qui

414 2299 772 2370 onerarant,
819 2291 1119 2371 levasset,
1181 2291 1334 2355 iusti
1381 2292 1609 2356 crediti
1655 2292 2039 2356 solutionem
2085 2292 2151 2355 in
2212 2292 2436 2357 decem
2494 2312 2803 2356 annorum

337 2405 388 2443 10
417 2379 758 2462 pensiones
804 2377 1144 2442 distribuit.
1210 2399 1325 2463 per
1371 2377 1646 2443 eundem
1691 2378 1974 2464 Appium
2019 2379 2165 2443 inde
2213 2380 2568 2460 eodemque
2612 2378 2809 2444 modo

657 2523 704 2571 1.
765 2517 1175 2571 inclinatianiti.
1246 2516 1254 2585 Ι
1322 2523 1377 2572 et
1437 2500 1778 2586 aliquantoo,
1840 2524 1894 2572 et
1961 2518 2248 2586 aliquanto
2303 2521 2396 2585 <in
2451 2517 2611 2582 eum>
2672 2521 2806 2572 coni.

410 2605 602 2659 Nora'k
637 2603 786 2659 &eske'
815 2623 941 2658 mus.
963 2607 1062 2675 fil.
1099 2606 1193 2671 VI,
1230 2604 1319 2658 41.
1371 2603 1379 2671 Ι
1434 2608 1484 2659 4.
1522 2604 1849 2673 utquesub*.
1902 2604 1910 2672 Ι
1960 2613 2147 2660 essent
2184 2609 2302 2659 add.
2345 2606 2521 2660 Curia
2556 2604 2565 2673 Ι
2596 2607 2810 2671 nulluS,

411 2731 545 2765 corr.
570 2715 634 2764 ed
666 2712 791 2764 Bas.
830 2708 995 2764 1531.
1030 2707 1038 2776 Ι
1071 2714 1120 2764 5.
1156 2710 1617 2764 Perseanfamam.
1669 2708 1678 2777 Ι
1709 2713 1757 2763 6.
1794 2694 2017 2779 patriss.
2052 2711 2060 2778 Ι
2093 2728 2537 2764 uxoremanusua
2550 2708 2809 2776 (uxorem

412 2816 510 2852 sua
527 2815 693 2851 manu
729 2800 860 2852 coni.
877 2795 1176 2865 Pluyyers).
1227 2794 1236 2863 Ι
1283 2797 2038 2865 Appellemmeministrum*.
2077 2796 2464 2865 (Apellemque
2488 2798 2810 2852 ministrum

410 2886 623 2937 Harant
665 2903 722 2953 p.
761 2882 923 2949 234).
975 2881 984 2951 Ι
1034 2887 1083 2937 7.
1117 2884 1313 2951 adque.
1365 2881 1374 2950 Ι
1423 2884 1781 2952 etquesitum,
1837 2902 1971 2938 corr.
2022 2886 2289 2954 Kreyssiq.
2330 2882 2682 2950 (requisitum
2728 2887 2809 2937 ed.

409 2974 537 3025 Bas.
575 2970 739 3039 1531,
762 2972 889 3025 dein
909 2970 1222 3037 quaesitum
1253 2969 1483 3034 Nova'k.)
1519 2968 1527 3038 Ι
1558 2972 1607 3023 8.
1629 2971 1971 3025 exultantem
1993 2970 2071 3038 (et
2096 2972 2415 3025 exulantem
2447 2971 2811 3024 Weissenborn

411 3061 465 3110 in
502 3060 578 3111 ea'.
621 3059 829 3117 Teubn.,
878 3059 1136 3123 Harant),
1170 3059 1239 3126 cf.
1279 3059 1340 3109 de
1375 3059 1421 3109 72.
1458 3059 1491 3110 Z.
1538 3058 1732 3111 Vahlen
1770 3058 1986 3109 Hermes
2020 3056 2160 3110 1877
2191 3077 2246 3126 p.
2286 3056 2413 3110 195.
2449 3055 2457 3123 Ι
2490 3060 2537 3111 9.
2576 3062 2750 3111 tanta.
2799 3054 2808 3124 Ι

414 3150 493 3199 10.
516 3162 730 3214 praeca.
765 3143 774 3212 Ι
808 3146 887 3197 12.
917 3145 1265 3213 propisquOS.
1300 3140 1309 3209 Ι
1343 3143 1496 3196 ciuis,
1532 3140 1540 3209 Ι
1571 3149 1629 3197 ta
1649 3140 1666 3209 ΙΙ
1683 3143 1994 3197 munifico*.
2030 3142 2037 3210 Ι
2073 3149 2152 3197 14.
2174 3145 2636 3212 adspernendum,
2668 3162 2811 3197 corr.

410 3234 456 3287 I.
504 3234 566 3285 F.
622 3233 928 3285 Gronovius.
978 3228 986 3298 Ι
1039 3235 1118 3284 15.
1170 3230 1771 3299 quianonobiectaesse,
1834 3231 1962 3297 quia
2011 3231 2180 3294 <sua>
2229 3248 2342 3284 non
2402 3231 2622 3285 obiecta
2685 3249 2813 3286 esse

410 3320 600 3373 Nova'lc
650 3319 800 3386 (quia
838 3337 965 3373 eum
1001 3319 1283 3372 obiectum
1304 3334 1424 3371 esse
1444 3320 1521 3370 ed.
1558 3318 1688 3370 Bas.
1731 3316 1896 3383 1531,
1925 3318 2184 3384 quianon
2206 3318 2408 3371 abiecti
2429 3335 2546 3372 esse
2581 3322 2656 3372 vel
2676 3320 2815 3387 quia

409 3407 593 3460 omnia
619 3408 838 3461 obiecta
874 3423 992 3459 esse
1016 3406 1236 3473 Bladoiq
1272 3406 1391 3457 Em.
1429 3404 1492 3457 L.
1509 3423 1564 3472 p.
1587 3403 1719 3471 620,
1758 3405 1889 3471 quia
1908 3421 2020 3457 non
2038 3405 2276 3458 subiecti
2296 3421 2415 3459 esse
2447 3406 2813 3459 Weissenborn

410 3496 464 3546 in
477 3497 553 3547 ecl.
573 3494 782 3559 Teubn.,
805 3493 936 3559 quia
960 3509 1072 3545 non
1092 3493 1312 3547 obiecta
1332 3491 1611 3560 <praeda>
1633 3508 1752 3545 esse
1781 3493 1979 3546 Vahlen
1998 3493 2187 3561 ephem.
2210 3491 2388 3545 Austr.
2411 3490 2574 3558 1861,
2593 3511 2644 3560 p.
2668 3492 2810 3556 251,

411 3581 540 3647 quia
570 3598 683 3635 non
715 3581 936 3634 obiecta
973 3579 1166 3642 <esca>
1205 3596 1324 3633 esse
1356 3576 1569 3644 Hertz).
1624 3577 1630 3645 Ι
1682 3582 1763 3632 17.
1786 3579 2012 3632 Tessali.
2048 3576 2056 3645 Ι
2117 3579 2534 3647 eacontagione‚
2585 3584 2640 3632 et
2674 3596 2814 3633 con-

406 3667 631 3734 tagione
646 3668 765 3719 ].F.
789 3667 1099 3733 Gronovius,
1116 3682 1185 3719 ex
1205 3666 1538 3732 contagione
1551 3667 1773 3734 Do'rz'ny.
1809 3663 1817 3731 Ι
1853 3667 2281 3733 18.Perregiam.
2317 3664 2438 3732 Ι-19.
2459 3668 2730 3720 Tessalos.
2770 3664 2779 3731 Ι

410 3753 829 3821 nuntiatumest,
867 3754 1187 3805 nuntiatum
1208 3757 1355 3806 esset
1375 3753 1419 3804 I.
1439 3753 1500 3803 F.
1524 3753 1832 3817 Gronovius,
1853 3752 2071 3821 Madviy
2090 3756 2121 3805 l.
2137 3755 2169 3805 Z.
2190 3749 2195 3819 Ι
2216 3756 2297 3805 21.
2315 3753 2521 3806 fenore.
2545 3749 2649 3820 123.
2670 3769 2814 3806 one-

410 3846 554 3893 rant.
591 3838 597 3905 Ι
634 3839 999 3892 inzannorum
1032 3837 1112 3904 (in
1141 3882 1181 3893 ..
1218 3856 1489 3893 annorum
1510 3837 1935 3904 ed.Bas.1531)‚
1956 3840 2066 3891 inx
2087 3856 2358 3893 annorum
2390 3840 2769 3893 Weissenborn.
2801 3837 2809 3906 Ι

409 3929 493 3979 24.
533 3927 898 3994 ineodemque
957 3926 1282 3994 (eodemque
1320 3929 1396 3979 ecl.
1446 3927 1572 3979 Bas.
1600 3924 1794 3991 1531),
1833 3926 1963 3979 inde
2007 3926 2309 3993 eodemque
2352 3926 2564 3979 Harant
2581 3945 2637 3995 p.
2664 3924 2811 3979 234.
