3005 4257
793 214 1012 268 LIBER
1048 213 1215 266 XLII.
1254 213 1404 266 CAP.
1443 214 1527 267 25.
1569 211 1639 280 [a.
1679 212 1744 267 U.
1782 228 1829 265 c.
1869 209 1993 278 582]
2100 253 2112 265 .
2519 208 2602 273 29

200 405 316 470 per
363 384 599 449 multos
653 385 791 449 dies
839 383 1259 449 conveniendi
1314 385 1449 449 eius
1502 390 1887 469 potestatem
1947 404 2073 447 non
2120 384 2385 465 factam3
2433 389 2601 466 post-

200 491 399 551 rem0,
450 491 594 536 cum
625 472 963 555 desperato
1008 471 1137 535 iam
1183 471 1520 553 conloquio
1564 470 1835 555 profecti
1881 477 2112 550 essent,
2170 478 2304 534 tum
2347 468 2603 533 demum

202 579 270 623 se
321 579 403 622 ex
434 557 659 623 itinere
691 564 1022 622 revocatos
1054 564 1117 621 et
1149 557 1234 621 ad
1265 578 1412 622 eum
1441 558 1832 622 introductos
1886 577 2047 622 esse.
2096 577 2249 622 suae
2298 553 2602 621 orationis

202 665 518 709 summam
569 643 799 710 fuisse:
864 643 1090 710 foedus
1152 663 1295 708 cum
1338 644 1640 729 Philippo
1699 645 1894 709 ictum
1954 664 2106 723 esse,
2162 662 2306 708 cum
2337 643 2478 743 ipso
2526 662 2602 707 eo
2630 666 2657 703 4

153 751 176 790 5
200 737 348 815 post
410 738 677 795 mortem
737 730 938 816 patris
1004 737 1400 812 renovatum,
1470 731 1535 795 in
1588 750 1714 814 quo
1780 729 2015 796 diserte
2068 729 2388 814 prohiberi
2453 749 2600 794 eum

203 825 388 882 extra
432 818 591 883 fines
625 838 800 883 arma
831 818 1075 899 efferre,
1122 816 1446 902 prohiberi
1479 818 1688 882 socios
1736 817 1954 901 populi
1986 816 2249 880 Romani
2283 815 2599 881 lacessere

200 904 389 969 bello,
444 905 740 989 exposita
785 904 1022 970 deinde
1069 905 1149 969 ab
1201 924 1271 969 se
1318 902 1559 985 ordine,
1609 923 1775 985 quae
1835 904 1956 988 ipsi
2017 923 2221 988 nuper
2264 903 2328 967 in
2374 910 2597 968 senatu
2629 927 2653 964 5

200 991 537 1055 Eumenen
581 1011 735 1055 vera
791 991 1003 1055 omnia
1048 999 1112 1055 et
1166 999 1468 1076 conperta
1527 991 1909 1056 referentem
1969 989 2312 1055 audissent.
2385 989 2600 1055 Samo·
2629 1014 2653 1051 e

199 1077 467 1143 thracae
514 1086 848 1162 praeterea
891 1099 1007 1162 per
1051 1078 1283 1142 multos
1329 1077 1465 1142 dies
1514 1077 1829 1143 occultum
1877 1076 2208 1143 consilium
2255 1096 2397 1140 cum
2427 1076 2598 1158 lega-

128 1187 174 1224 ιο
200 1164 481 1229 tionibus
528 1164 883 1230 civitatium
927 1164 1126 1230 Asiae
1180 1183 1403 1246 regem
1446 1163 1767 1229 habuisse.
1825 1184 1939 1247 pro
1983 1163 2084 1228 his
2136 1162 2378 1227 iniuriis
2424 1162 2599 1227 satis·
2630 1186 2652 1224 τ

146 1295 154 1303 ,.
199 1251 338 1315 fieri
392 1257 685 1316 senatum
743 1271 967 1316 aecum
1029 1271 1310 1331 censere,
1378 1250 1689 1332 reddique
1760 1250 1880 1316 sibi
1926 1270 2027 1315 res
2074 1250 2387 1329 sociisque
2449 1248 2597 1329 suis,

202 1357 363 1419 quas
412 1346 632 1402 contra
682 1338 780 1403 ius
843 1336 1117 1403 foederis
1163 1337 1416 1402 habeat.
1477 1359 1701 1420 regem
1745 1338 1829 1402 ad
1890 1358 1969 1401 ea
2013 1337 2217 1422 primo
2262 1355 2599 1401 accensum
2628 1358 2653 1397 s

200 1425 296 1488 ira
356 1424 770 1489 inclementer
835 1424 1132 1506 locutum,
1194 1423 1529 1488 avaritiam
1575 1424 2062 1509 superbiamque
2125 1422 2425 1488 Romanis
2473 1422 2599 1488 obi-

201 1511 481 1576 cientem
556 1511 1077 1594 frementemque,
1154 1510 1325 1593 quod
1385 1510 1495 1575 alii
1565 1531 1756 1595 super
1829 1511 1989 1575 alios
2057 1510 2253 1591 lcgati
2311 1508 2601 1574 venirent

127 1620 174 1659 15
203 1597 594 1683 speculaturi
640 1597 814 1663 dicta
864 1598 1160 1680 factaque
1208 1618 1341 1678 sua,
1392 1597 1564 1679 quod
1623 1618 1691 1663 se
1740 1597 1822 1662 ad
1873 1604 2093 1661 nutum
2138 1595 2599 1680 imperiumque

202 1705 420 1749 eorum
454 1684 666 1749 omnia
695 1685 908 1750 dicere
940 1704 1016 1749 ac
1054 1685 1265 1749 facere
1297 1704 1523 1749 aecum
1568 1692 1931 1769 censerent;
1982 1689 2303 1769 postremo
2334 1683 2598 1747 multum
2628 1707 2652 1745 9

200 1792 276 1836 ac
325 1771 458 1836 diu·
480 1770 898 1836 vociferatum
941 1771 1175 1837 reverti
1226 1779 1483 1855 postero
1532 1771 1635 1836 die
1697 1770 1990 1836 iussisse:
2038 1770 2339 1853 scriptum
2385 1790 2454 1834 se
2508 1790 2598 1833 re·

201 1877 506 1942 sponsum
553 1858 705 1922 dare
750 1859 932 1924 velle.
980 1867 1115 1922 tum
1160 1858 1252 1922 ita
1289 1858 1411 1922 sibi
1457 1858 1763 1943 scriptum
1800 1858 2100 1922 traditum
2147 1876 2320 1921 esse:
2372 1855 2597 1920 foedus
2630 1880 2678 1918 ιο

201 1965 347 2009 cum
395 1952 575 2029 patre
620 1944 816 2009 ictum
862 1945 948 2009 ad
994 1965 1062 2009 se
1108 1943 1265 2008 nihil
1312 1945 1664 2030 pertinere;
1713 1944 1781 2009 id
1819 1965 1888 2010 se
1935 1943 2245 2023 renovari,
2292 1961 2418 2006 non
2450 1942 2600 2022 quia

125 2053 174 2092 20
201 2031 523 2115 probaret,
578 2030 692 2096 sed
753 2032 903 2114 quia
967 2030 1034 2095 in
1100 2051 1270 2097 nova
1329 2032 1730 2116 possessione
1785 2030 1968 2113 regni
2013 2029 2318 2114 patienda
2384 2028 2599 2093 omnia

204 2124 439 2199 essent,
485 2138 762 2203 passum.
807 2139 1039 2184 novom
1069 2118 1294 2185 foedus
1327 2119 1381 2184 si
1427 2140 1643 2184 secum
1687 2118 1898 2184 facere
1943 2116 2203 2199 vellent,
2258 2115 2598 2182 convenire
2631 2143 2676 2180 ιι

205 2206 381 2289 prius
429 2204 510 2270 de
557 2206 1033 2271 condicionibus
1086 2205 1353 2287 debere;
1419 2207 1473 2271 si
1520 2207 1584 2270 in
1644 2205 1921 2270 animum
1967 2205 2356 2284 inducerent,
2403 2208 2472 2267 ut
2518 2223 2599 2267 ex

203 2312 413 2374 aequo
475 2291 701 2357 foedus
759 2293 956 2374 fieret,
1004 2300 1067 2358 et
1127 2313 1196 2359 se
1243 2293 1544 2374 visurum,
1601 2292 1753 2375 quid
1814 2293 1935 2358 sibi
1994 2289 2363 2357 faciundum
2409 2295 2597 2370 esset,

204 2386 268 2443 et
314 2379 459 2443 illos
507 2379 765 2444 credere
798 2401 833 2444 e
864 2401 933 2444 re
978 2379 1236 2464 publica
1267 2380 1678 2445 consulturos.
1730 2386 1920 2462 atque
1952 2379 2043 2444 ita
2074 2399 2142 2443 se
2189 2377 2596 2463 proripuisse,
2631 2404 2677 2441 12

124 2495 172 2533 25
203 2477 267 2531 et
314 2466 696 2531 summoveri
743 2487 779 2530 e
823 2466 1005 2549 regia
1037 2486 1257 2531 omnes
1296 2474 1575 2551 coeptos.
1621 2475 1756 2531 tum
1802 2487 1870 2531 se
1918 2465 2264 2531 amicitiam
2294 2470 2358 2530 et
2403 2464 2596 2529 socie-

411 2739 458 2788 3.
481 2735 927 2790 itinereuocatos.
963 2735 971 2802 Ι
1002 2739 1050 2789 4.
1070 2737 1433 2790 ictumsecum
1453 2735 1649 2803 (ictum
1664 2754 1788 2790 cum
1802 2739 1879 2790 ed.
1902 2738 2031 2790 Bae.
2053 2733 2248 2803 1531),
2268 2735 2442 2788 ictum
2461 2752 2598 2800 esse,

198 2839 326 2876 cum
376 2821 597 2889 ,Madviy
651 2822 769 2876 Em.
808 2822 872 2873 L.
907 2841 961 2890 p.
999 2821 1128 2876 631.
1179 2820 1187 2889 Ι
1236 2824 1284 2876 5.
1340 2823 1634 2891 prohibere
1689 2824 1936 2891 (utroque
1989 2821 2142 2888 loco).
2193 2820 2201 2889 Ι
2252 2827 2298 2875 7.
2351 2839 2471 2889 que.
2506 2820 2595 2889 18.

196 2908 580 2963 Famothrace.
616 2905 625 2975 Ι
660 2912 739 2964 10.
768 2909 1135 2991 satisfaiieri*.
1169 2905 1178 2975 Ι
1213 2907 1669 2977 11.censeri.ll2.
1695 2910 1950 2963 habebat.
1971 2906 1979 2977 Ι
2002 2913 2080 2963 13.
2098 2910 2559 2976 auaritiamsuper
2578 2906 2595 2974 ΙΙ

198 3013 604 3080 queromanis*.
637 3010 645 3079 Ι
676 3012 1248 3080 obicientemfrequen
1272 3010 1289 3080 ΙΙ
1313 3015 1582 3081 temquod
1637 3013 1993 3080 (obicientem
2033 3015 2383 3080 frequenter:
2446 3013 2597 3080 quod

196 3103 274 3153 ed.
299 3101 430 3152 Βαε.
459 3097 652 3164 1531),
690 3100 1026 3154 obicientem
1062 3101 1522 3168 frementemque,
1562 3101 1710 3168 quod
1737 3102 1910 3169 Hertz,
1954 3101 2228 3154 Gitlbauer
2256 3120 2314 3170 p.
2345 3100 2414 3153 75
2453 3100 2595 3164 (obi-

197 3186 437 3241 cientem
478 3186 828 3252 frementem‚
869 3187 1018 3253 quod
1055 3187 1266 3239 Harant
1294 3207 1353 3258 p.
1397 3186 1533 3252 239,
1570 3188 1905 3241 obicientem
1944 3191 2395 3255 querentemque,
2446 3187 2596 3253 quod

195 3273 420 3341 Madvig]
446 3273 566 3326 Em.
592 3273 655 3326 L.
678 3291 731 3341 p.
759 3271 923 3338 632).
957 3270 966 3339 Ι
1002 3276 1081 3327 14.
1105 3274 1705 3342 alisuperatiosilegati.
1741 3270 1749 3341 Ι
1785 3277 1868 3328 15.
1895 3274 2166 3342 speculati
2192 3273 2487 3341 (speculari
2515 3275 2590 3325 ed.

194 3360 326 3413 Bas.
362 3357 557 3425 1531),
595 3359 934 3426 speculaturi
971 3360 1212 3429 Ruperti,
1252 3361 1426 3426 Hertz,
1451 3360 1690 3429 Madvig),
1732 3361 2007 3413 Gitlbauer
2026 3378 2082 3429 p.
2110 3359 2203 3425 65,
2242 3361 2591 3427 speculatum

198 3447 467 3514 Kreyssiy.
500 3443 508 3512 Ι
544 3448 625 3500 18.
664 3448 885 3500 cumita.
919 3444 928 3513 Ι
963 3449 1043 3499 19.
1082 3447 1213 3499 abse
1240 3446 1339 3517 (cf.
1374 3450 1537 3501 Beitr.
1568 3467 1611 3501 z.
1649 3446 1701 3501 4.
1726 3449 1937 3501 Decade
1974 3448 2009 3499 I
2034 3465 2093 3515 p.
2121 3445 2232 3510 13).
2266 3444 2273 3512 Ι
2305 3462 2591 3499 renouare.

200 3526 209 3592 Ι
242 3533 328 3586 20.
367 3532 620 3600 probare.
653 3529 662 3599 Ι
693 3534 777 3585 21.
815 3549 1124 3600 passurum.
1158 3531 1166 3599 Ι
1199 3535 1829 3616 nouofoedusseisecum,
1855 3552 1990 3587 corr.
2018 3534 2269 3601 Kreyssiy
2296 3530 2363 3598 (si
2387 3550 2592 3587 novum

195 3634 393 3688 foedus
431 3651 619 3689 secum
655 3639 732 3689 ed.
769 3637 897 3689 Bos.
938 3635 1131 3701 1531).
1165 3635 1173 3704 Ι
1205 3641 1288 3690 22.
1328 3639 1621 3706 deber-etsi,
1661 3639 1889 3705 debere;
1941 3637 1987 3691 si
2029 3637 2243 3706 Madvig]
2282 3638 2400 3690 Em.
2437 3638 2501 3690 L.
2533 3655 2590 3707 p.

196 3719 317 3776 632
356 3719 610 3788 (debere;
638 3728 704 3776 <et
743 3723 789 3777 si
808 3726 1030 3777 ecLBas.
1057 3723 1249 3792 1531).
1305 3723 1313 3791 Ι
1368 3723 2075 3792 inducereutexequofidus.
2134 3721 2142 3789 Ι
2198 3727 2282 3777 24.
2311 3724 2592 3790 crederep.

199 3809 555 3863 consulturos
575 3807 825 3875 (credere
844 3810 927 3864 rei
945 3811 1076 3878 pub.
1099 3813 1454 3866 consulturos
1467 3815 1545 3864 ed.
1581 3813 1709 3865 Bas.
1729 3810 1922 3876 1531),
1962 3810 2190 3863 credere
2216 3828 2245 3864 e
2270 3828 2331 3864 re
2368 3810 2594 3879 publica
2777 3827 2784 3828 ’

201 3895 556 3950 consulturos
592 3896 811 3965 Madvig]
833 3898 967 3950 Em.
1004 3898 1068 3952 L.
1100 3917 1158 3968 p.
1197 3897 1332 3952 632.
1368 3899 1375 3963 Ι
1408 3899 1606 3965 adque.
1640 3897 1647 3964 Ι
1691 3902 1774 3953 25.
1815 3827 2768 4026 summoueriegregiaomni(

2541 4029 2558 4082 ἰ]

2547 4079 2550 4100 ι
