3005 4257
726 165 946 219 LIBER
983 165 1149 219 XLII.
1189 165 1340 219 CAP.
1381 167 1461 218 19.
1502 167 1586 220 20.
1627 163 1696 231 [a.
1734 165 1800 220 U.
1840 182 1887 218 c.
1927 163 2052 231 582]
2540 165 2626 229 23

232 336 535 401 Romanis
574 335 1077 419 hominibusque.
1126 343 1362 420 petere,
1417 344 1485 400 ut
1532 356 1676 401 eum
1721 356 1848 400 non
1895 336 2011 400 sub
2056 335 2379 419 hospitum
2438 336 2627 401 modo
2655 356 2680 395 5

228 424 621 508 privatorum
676 423 981 503 custodia,
1031 423 1146 487 sed
1192 423 1484 507 publicae
1533 423 1726 487 etiam
1788 442 1974 487 curae
2036 443 2112 487 ac
2158 423 2331 486 velut
2388 424 2626 488 tutelae

230 510 476 574 vellent
521 529 685 574 esse.
732 531 812 574 ea
856 510 1094 592 legatio
1141 517 1328 592 grata
1388 509 1636 573 senatui
1696 509 1844 592 fuit;
1908 509 2345 590 decreverunt,
2395 517 2464 574 ut
2510 510 2624 575 Cn.
2654 531 2679 570 s

230 596 511 662 Sicinius
556 605 814 680 praetor
857 597 1053 661 aedes
1098 596 1501 661 instruendas
1547 598 1805 677 locaret,
1856 596 1961 660 ubi
2005 595 2170 659 filius
2221 596 2395 677 regis
2442 598 2630 661 comi-

174 705 198 741 5
227 692 457 766 tesque
511 683 651 748 eius
696 682 984 749 habitare
1015 690 1298 768 possent.
1332 691 1396 748 et
1424 682 1742 747 Threcum
1773 682 2024 766 legatis,
2060 682 2308 746 Maedis
2349 681 2629 747 Coelale-

228 770 441 854 tisque
496 778 562 835 et
610 767 886 855 Sapaeis
948 771 1321 835 societatem
1379 769 1846 851 amicitiamque
1907 769 2266 853 petentibus
2327 776 2407 846 et,
2456 769 2628 853 quod

227 858 552 940 petebant,
603 856 818 921 datum
878 865 992 939 est,
1052 865 1117 922 et
1176 876 1439 921 munera
1486 857 1708 919 binum
1767 853 2012 919 milium
2072 855 2237 920 aeris
2288 858 2621 937 [summae]

225 943 291 1007 in
333 943 621 1025 singulos
667 944 880 1008 missa.
928 944 1047 1008 hos
1078 944 1293 1024 utique
1327 943 1613 1027 populos,
1650 944 1820 1026 quod
1858 944 1939 1008 ab
1984 950 2167 1024 tergo
2212 942 2626 1007 Macedoniae
2654 966 2676 1005 τ

226 1029 508 1095 Threcia
567 1038 755 1112 esset,
826 1030 1199 1114 adsumptos
1244 1031 1310 1094 in
1384 1030 1756 1094 societatem
1825 1029 2210 1112 gaudebant.
2274 1028 2390 1093 sed
2449 1038 2517 1093 ut
2560 1029 2628 1092 in

149 1139 199 1175 10
226 1116 388 1181 Asia
449 1135 700 1200 quoque
761 1125 827 1182 et
883 1117 1108 1182 insulis
1170 1117 1508 1202 explorata
1568 1117 1779 1181 omnia
1839 1123 2068 1195 essent,
2128 1116 2226 1180 Ti.
2291 1115 2628 1181 Claudium

226 1204 554 1268 Neronem
585 1204 668 1268 Μ.
694 1203 1053 1269 Decimium
1077 1204 1326 1285 legatos
1350 1204 1675 1268 miserunt.
1726 1203 1902 1267 adire
1928 1223 2039 1267 eos
2073 1200 2330 1266 Cretam
2360 1209 2426 1266 et
2463 1202 2626 1266 Rho·
2653 1226 2680 1265 s

227 1290 381 1354 dum
440 1290 777 1370 iusserunt,
828 1290 1011 1354 simul
1071 1310 1381 1355 renovare
1443 1290 1806 1370 amicitiam,
1856 1290 2041 1354 simul
2093 1288 2429 1373 speculari,
2474 1309 2626 1353 num

227 1376 551 1442 sollicitati
597 1377 788 1441 animi
836 1377 1148 1442 sociorum
1192 1378 1274 1441 ab
1320 1396 1475 1459 rege
1522 1376 1760 1441 Perseo
1807 1384 2039 1441 essent.

439 1498 588 1562 XX.
635 1499 710 1562 In
759 1518 1070 1583 suspensa
1102 1498 1359 1563 civitate
1407 1498 1491 1563 ad
1524 1498 2033 1581 expectationem
2072 1497 2221 1561 novi
2265 1496 2436 1581 belli,
2482 1516 2626 1563 noc·
2654 1524 2676 1561 1

151 1606 199 1644 15
228 1592 417 1649 turna
449 1593 827 1669 tempestate
862 1587 1158 1650 columna
1190 1593 1462 1649 rostrata
1492 1586 1561 1648 in
1592 1585 1908 1669 Capitolio
1938 1583 2107 1649 bello
2142 1584 2383 1648 Punico
2495 1584 2627 1647 iore

211 1672 435 1757 posita
483 1672 554 1736 ob
600 1673 944 1737 victoriam
992 1673 1085 1734 M.
1136 1671 1382 1735 Aemili
1427 1672 1723 1752 consulis,
1766 1671 1864 1736 cui
1898 1671 2152 1753 collega
2189 1670 2326 1734 Ser.
2416 1670 2623 1734 ulvius

226 1758 364 1839 fuit,
430 1766 565 1824 tota
624 1759 708 1823 ad
764 1759 960 1823 imum
1004 1759 1269 1823 fulmine
1338 1758 1627 1823 discussa
1673 1766 1786 1822 est.
1860 1778 1938 1822 ea
1996 1778 2098 1822 res
2158 1756 2437 1842 prodigii
2484 1758 2625 1822 loco

439 1920 488 1970 2.
539 1917 731 1970 tutele.
784 1915 792 1983 Ι
843 1920 889 1969 3.
947 1917 1464 1983 etregemetlegatio
1521 1914 1608 1982 (ea
1659 1916 1809 1982 regis
1861 1914 2069 1981 legatio
2105 1917 2181 1967 ed.
2238 1915 2369 1967 Bas.
2428 1914 2625 1981 1531),

225 2021 287 2057 ea
326 2002 537 2070 legatio
571 2004 810 2071 scripsi*,
863 2003 1088 2070 egregie
1125 2020 1190 2056 ea
1226 2003 1434 2069 legatio
1470 2003 1692 2069 Madvig]
1731 2003 1851 2054 Em.
1890 2001 1954 2054 L.
1974 2020 2032 2071 Ρ.
2059 1999 2193 2066 629,
2232 2000 2454 2067 egregie
2489 2001 2626 2055 haec

221 2089 434 2157 legatio
456 2106 598 2159 susp.
625 2089 786 2142 Hertz
802 2089 974 2158 praef.
995 2108 1053 2159 Ρ.
1076 2089 1256 2142 XXII
1269 2087 1451 2156 (grata
1469 2107 1535 2143 ea
1554 2089 1760 2157 legatio
1788 2085 1996 2156 [grata]
2023 2105 2164 2158 susp.
2191 2086 2383 2141 Novdk
2393 2106 2451 2158 Ρ.
2474 2086 2624 2153 260,-

224 2182 279 2230 et
297 2181 563 2244 regerent
584 2193 680 2230 ·ea
704 2177 913 2243 legatio
933 2177 1147 2229 Harant
1164 2193 1222 2246 p.
1249 2174 1410 2240 238).
1442 2174 1451 2242 Ι
1481 2179 1532 2229 4.
1577 2176 1729 2229 aedis
1767 2175 1910 2245 (post
1946 2180 2173 2243 praetor
2209 2173 2284 2228 13
2319 2177 2414 2229 litt.
2434 2177 2627 2228 lacuna

221 2267 334 2317 sine
370 2262 547 2328 ras.)*
577 2260 587 2329 Ι
617 2264 943 2331 instructae,
984 2264 1343 2318 instruendas
1385 2264 1563 2329 Lentz,
1600 2264 1670 2317 H.
1699 2265 1744 2316 I.
1784 2265 1979 2316 Maller
2016 2281 2141 2316 ann.
2180 2265 2357 2315 Berol.
2386 2261 2534 2315 1890
2564 2280 2621 2329 Ρ.

223 2349 357 2404 216².
391 2348 400 2416 Ι
431 2354 483 2404 5.
521 2349 1200 2418 habitarerecllpossent*‚
1254 2351 1508 2404 habitare
1564 2355 1794 2418 possent
1830 2354 1907 2403 ed.
1946 2352 2074 2403 Bas.
2115 2348 2280 2415 1531,
2338 2348 2526 2403 Novcilc
2564 2369 2621 2419 p.

222 2435 371 2491 260*
410 2437 683 2501 (habitare
719 2441 871 2491 recte
906 2442 1137 2505 possent
1172 2438 1392 2506 BIadviy
1430 2439 1549 2491 Em.
1588 2437 1651 2490 L.
1683 2455 1743 2507 Ρ.
1770 2436 1904 2505 629,
1942 2438 2193 2492 habitare
2219 2437 2371 2504 regie
2396 2441 2626 2504 possent

222 2525 544 2593 Anonymus‚
585 2526 737 2594 prob.
776 2524 844 2575 H.
883 2526 928 2576 I.
968 2523 1162 2577 Muller
1209 2526 1241 2576 l.
1283 2527 1333 2591 L,
1393 2524 1647 2578 habitare
1695 2524 1919 2591 egregie
1972 2527 2202 2590 possent
2247 2521 2569 2589 Drechsler).
2612 2519 2621 2589 Ι

222 2611 954 2680 ettrecumlegatissediscep
983 2608 1003 2678 ΙΙ
1031 2611 1840 2678 natisqueetsatissocietatem*
1914 2609 1992 2677 (et
2068 2611 2343 2664 Thracum
2425 2611 2624 2678 legatis

222 2697 375 2764 apud
411 2714 469 2750 se
506 2696 947 2764 disceptantibus
989 2702 1046 2751 et
1080 2698 1406 2752 societatem
1461 2701 1538 2750 ed.
1577 2699 1704 2751 Bas,
1744 2696 1931 2764 1531),
1988 2702 2044 2751 et
2079 2699 2354 2751 Threcum
2408 2698 2624 2765 legatis,

221 2783 437 2837 Maedis
452 2783 859 2851 Coelaletisque
874 2790 929 2838 et
945 2784 1167 2851 Sapaeis
1182 2784 1505 2838 societatem
1519 2785 1808 2853 temptam&
1825 2790 1880 2838 et
1895 2784 2171 2838 Threcum
2183 2785 2399 2851 legatis,
2413 2785 2624 2838 Maedis

223 2870 533 2937 Caenisque
588 2874 644 2924 et
681 2870 854 2924 Astiis
910 2871 1234 2925 societatem
1304 2871 1666 2923 Weissenborn
1713 2873 1896 2940 praef.
1933 2874 2011 2923 ed.
2055 2872 2245 2923 Teubn.
2289 2890 2340 2938 p.
2380 2872 2512 2937 XII,
2568 2876 2625 2925 et

222 2957 502 3011 Threcum
536 2956 740 3024 legatis
781 2957 1021 3010 Maedis·¹
1052 2975 1159 3023 que
1198 2961 1254 3010 et
1288 2958 1460 3011 Astiis
1499 2957 1820 3011 societatem
1857 2959 1992 3010 idem
2029 2960 2083 3010 in
2115 2961 2192 3011 ed.
2231 2958 2430 3011 Weidm
2447 2977 2504 3028 Ρ.
2532 2956 2622 3025 90,

220 3048 277 3097 et
312 3044 591 3097 Threcum
627 3043 843 3110 legatis,
880 3043 1093 3096 Maedis
1118 3043 1557 3110 Odomantisque
1581 3047 1639 3096 et
1661 3043 1883 3110 Sapaeis
1910 3044 2233 3098 societatem
2255 3043 2475 3112 Bladm'y
2501 3045 2621 3097 Em.

219 3131 282 3184 L.
316 3149 372 3199 Ρ.
413 3128 547 3197 629,
603 3135 660 3183 et
697 3129 972 3183 Threcum
1010 3131 1207 3198 legatis
1265 3130 1371 3184 sibi
1406 3130 1788 3197 finitumisque
1822 3134 1876 3183 et
1931 3131 2075 3185 socis
2118 3132 2442 3185 societatem
2488 3132 2622 3184 Θαῖ-

221 3219 384 3271 bauer
432 3235 484 3286 Ρ.
527 3216 649 3269 107.
682 3213 692 3282 Ι
737 3221 784 3270 7.
823 3216 1017 3270 binum
1073 3218 1193 3269 add.
1249 3220 1328 3270 ed.
1383 3218 1514 3269 Bas.
1570 3215 1733 3270 1531.
1769 3215 1777 3283 Ι
1809 3217 2066 3270 militum·
2102 3215 2110 3283 Ι
2143 3235 2387 3271 summae
2442 3226 2622 3270 contra

219 3306 634 3357 consuetudinem
671 3303 792 3356 Livi
825 3306 954 3356 addi
987 3304 1173 3357 Duker
1210 3306 1593 3371 animadvertit,
1643 3306 1792 3374 prob.
1831 3305 1899 3356 Η.
1941 3305 1987 3356 Ι.
2025 3305 2219 3357 Meller
2272 3323 2395 3358 ann.
2445 3306 2621 3356 Berol.

222 3389 368 3444 1890
383 3408 437 3458 Ρ.
459 3388 592 3443 216.
625 3389 633 3455 Ι
665 3393 713 3443 9.
735 3391 1012 3444 Traeciae·
1046 3390 1053 3453 Ι
1091 3394 1169 3442 10.
1212 3391 1271 3443 Τ.
1295 3391 1604 3457 Claudium,
1641 3409 1777 3444 corr.
1814 3393 2072 3461 Sigonius.
2108 3389 2118 3457 Ι
2153 3395 2232 3444 11.
2274 3391 2566 3445 Rhodium.
2607 3388 2619 3457 Ι

223 3481 301 3530 15.
375 3479 990 3558 tempestatercolumna
1010 3475 1371 3544 lyprostrataffl
1444 3479 1454 3543 Ι
1527 3478 1736 3532 Punico
1755 3476 1771 3544 ΙΙ
1798 3478 2073 3533 consoni*
2148 3475 2358 3544 (priore
2440 3477 2622 3546 posita

218 3581 290 3634 ob
327 3579 620 3633 victoriam
655 3581 729 3633 M.
758 3581 961 3634 Aemili
982 3590 1107 3650 post
1140 3581 1369 3648 Punico,
1406 3584 1541 3634 unde
1578 3584 1715 3634 oculi
1750 3583 1961 3634 librarii
1996 3584 2070 3634 ad
2093 3598 2242 3635 cons.
2265 3584 2440 3652 facile
2476 3583 2621 3634 aber-

218 3684 342 3720 rare
374 3676 635 3735 poterant,
672 3671 855 3721 addidi
887 3685 984 3720 sec.
1022 3667 1259 3736 Madviy.
1301 3671 1356 3721 in
1393 3671 1516 3720 adn.
1540 3672 1616 3722 ecl.
1646 3688 1703 3738 Ρ.
1742 3668 1841 3735 573
1879 3669 2066 3736 priore
2102 3668 2284 3735 posita
2319 3669 2393 3721 M.
2419 3668 2623 3721 Aemili

230 3754 590 3806 Weissenborn
609 3755 664 3805 in
684 3755 806 3806 adn.
829 3757 904 3808 ed.
923 3755 1135 3807 Weidm.
1151 3772 1207 3823 Ρ.
1232 3752 1336 3818 91,·
1355 3754 1541 3822 priore
1560 3755 1742 3822 posita
1752 3771 1924 3821 opera
1938 3755 2011 3807 M.
2027 3754 2231 3807 Aemili
2247 3755 2407 3807 Hertz
2420 3755 2621 3824 partim

216 3840 506 3907 Siyonium,
520 3842 722 3908 partim
748 3841 1215 3893 Weissenbornium
1229 3841 1283 3892 in
1294 3841 1471 3909 praef.
1490 3844 1567 3893 ecl.
1588 3842 1778 3893 Teubn·
1790 3859 1842 3909 Ρ.
1859 3840 1981 3892 XII
1988 3849 2206 3892 secutus.
2239 3837 2248 3906 Ι
2285 3843 2362 3893 17.
2378 3838 2619 3907 prodigi-

2657 3925 2696 3964 f
