3005 4257
356 201 437 269 14,
914 212 1141 265 LIBER
1183 176 1385 265 mv.
1425 211 1590 264 OAP.
1631 213 1681 264 9.
1722 213 1795 279 [a.
1837 211 1902 265 U.
1942 228 1988 264 ο.
2028 212 2155 279 585]

354 392 614 474 agmine
678 390 868 470 facto,
936 391 1134 455 scutis
1203 410 1395 472 super
1459 390 1678 472 capita
1746 391 2055 468 densatis,
2133 392 2451 455 stantibus
2526 390 2769 473 primis,

354 481 653 545 secundis
693 480 1255 559 summissioribus,
1294 479 1498 543 tertiis
1540 478 1747 563 magis
1787 487 1850 542 et
1888 480 2155 560 quartis,
2193 480 2534 562 postremis
2574 481 2768 542 etiam

353 591 523 652 genu
574 570 763 649 nixis,
812 569 1212 651 fastigatam,
1264 568 1427 633 sicut
1475 576 1648 633 tecta
1688 568 2125 634 aedificiorum
2168 577 2332 648 sunt,
2379 568 2768 634 testudinem

293 678 316 720 7
353 660 701 725 faciebant.
750 659 899 723 hinc
948 659 1419 741 quinquaginta
1477 657 1677 723 ferme
1725 657 1961 740 pedum
2012 659 2221 741 spatio
2280 659 2595 723 distantes
2644 658 2770 721 duo

356 750 587 812 armati
633 749 1097 832 procurrebant
1147 747 1653 828 comminatique
1690 747 1858 811 inter
1905 769 1990 827 se,
2039 749 2123 813 ab
2170 749 2299 812 ima
2346 748 2413 811 in
2452 768 2768 812 summam
2841 764 2870 803 5

353 837 736 902 testudinem
784 858 898 920 per
944 836 1220 901 densata
1261 847 1444 901 scuta
1482 858 1626 901 cum
1677 839 2055 917 evasissent,
2102 858 2271 901 nunc
2319 840 2496 902 velut
2542 857 2769 919 propu-

353 935 630 1009 gnantes
687 948 801 1010 per
859 947 1005 990 oras
1055 935 1381 989 extremae
1436 926 1804 1003 testudinis,
1863 947 2031 991 nunc
2091 926 2157 989 in
2216 927 2432 990 media
2489 927 2655 990 inter
2704 946 2773 990 se

290 1034 314 1076 s
357 1025 826 1091 concurrentes,
884 1014 1058 1079 haud
1118 1035 1303 1079 secus
1362 1035 1557 1095 quam
1616 1015 1838 1080 stabili
1906 1017 2038 1080 solo
2095 1017 2557 1097 persultabant.
2624 1014 2771 1078 huic

357 1107 607 1170 testudo
648 1105 874 1169 similis
912 1104 1353 1169 humillimae
1390 1105 1560 1186 parti
1602 1105 1765 1168 muri
1795 1105 2078 1169 admota.
2111 1125 2254 1168 cum
2287 1106 2518 1169 armati
2560 1124 2771 1186 super·

359 1204 604 1258 stantes
638 1194 982 1269 subissent,
1022 1192 1608 1276 propugnatoribus
1650 1193 1810 1255 muri
1852 1192 2114 1274 fastigio
2146 1194 2508 1259 altitudinis
2539 1214 2770 1274 aequa·
2815 1208 2871 1250 10

357 1285 615 1366 bantur3
695 1282 1107 1364 depulsisque
1181 1282 1261 1344 iis
1346 1281 1412 1343 in
1488 1281 1711 1344 urbem
1790 1281 2056 1344 duorum
2134 1281 2460 1363 signorum
2539 1284 2774 1346 milites

299 1390 325 1431 o
363 1372 911 1436 transcenderunt.
987 1368 1054 1432 id
1129 1375 1381 1433 tantum
1459 1369 1774 1433 dissimile
1848 1369 1984 1448 suit,
2061 1369 2233 1450 quod
2307 1379 2370 1434 et
2434 1371 2499 1432 in
2567 1371 2776 1435 fronte

365 1461 635 1524 extremi
692 1470 754 1523 et
812 1481 889 1524 ex
951 1459 1260 1522 lateribus
1319 1457 1441 1522 soli
1495 1478 1624 1522 non
1684 1457 2014 1521 habebant
2073 1477 2263 1540 super
2320 1459 2537 1541 capita
2604 1460 2775 1521 elata

363 1558 563 1627 scuta,
630 1569 709 1612 ne
773 1548 1097 1612 nudarent
1155 1568 1439 1629 corpora,
1508 1548 1622 1611 sed
1687 1554 2024 1629 praetenta
2087 1547 2512 1630 pugnantium
2580 1567 2771 1609 more.

362 1639 454 1702 ita
499 1657 619 1700 nec
667 1637 845 1720 ipsos
894 1639 1023 1701 tela
1070 1656 1152 1700 ex
1201 1657 1378 1701 muro
1438 1637 1639 1700 missa
1688 1635 2019 1700 subeuntis
2075 1637 2419 1716 laeserunt,
2475 1644 2538 1699 et
2584 1642 2773 1698 testu·
2815 1648 2870 1691 15

365 1728 500 1791 dini
548 1727 786 1790 iniecta
832 1726 1057 1791 imbris
1105 1726 1173 1788 in
1219 1726 1481 1790 modum
1531 1726 1780 1789 lubrico
1828 1723 2088 1807 fastigio
2134 1726 2399 1789 innoxia
2448 1724 2530 1788 ad
2578 1724 2774 1787 imum

277 1833 328 1875 10
365 1816 773 1881 labebantur.
834 1826 896 1880 et
952 1816 1171 1879 consul
1229 1822 1420 1898 capto
1477 1815 1608 1879 iam
1666 1815 1982 1879 Heracleo
2041 1824 2253 1879 castra
2308 1835 2384 1878 eo
2442 1814 2777 1897 promovit,

368 1918 697 1986 tamquam
767 1905 964 1968 Dium
1034 1914 1225 1985 atque
1291 1905 1444 1969 inde
1511 1912 1825 1969 summoto
1890 1923 2044 1986 rege
2109 1904 2174 1967 in
2240 1903 2517 1967 Pieriam
2584 1902 2773 1966 etiam

278 2012 327 2052 11
367 2014 836 2079 progressurus.
914 1993 1027 2058 sed
1093 1993 1366 2058 hiberna
1431 1994 1562 2057 iam
1630 2013 2027 2077 praeparans
2096 1993 2236 2057 vias
2312 1992 2777 2058 commeatibus

369 2083 805 2150 subvehendis
854 2104 935 2149 ex
981 2082 1326 2148 Thessalia
1374 2082 1609 2147 muniri
1668 2083 1865 2163 iubet,
1926 2089 1988 2147 et
2036 2082 2191 2165 eligi
2250 2082 2495 2148 horreis
2553 2102 2776 2165 oppor-
2818 2091 2874 2135 20

368 2187 523 2238 tuna
560 2175 720 2252 loca,
758 2180 1060 2253 tectaque
1099 2173 1449 2253 aedificari,
1495 2174 1607 2237 ubi
1647 2172 1974 2237 deversari
2017 2180 2346 2254 portantes
2387 2179 2779 2236 commeatus

369 2273 645 2345 possent.

588 2601 634 2653 1.
671 2601 832 2653 scuti.
884 2603 890 2666 Ι
942 2601 992 2652 2.
1032 2599 1325 2653 secumdis.
1360 2603 1366 2664 Ι
1401 2599 1577 2652 tertis.
1630 2598 1636 2663 Ι
1689 2599 1737 2650 3.
1777 2596 2279 2665 genungenunixis.
2324 2598 2330 2663 Ι
2372 2597 2422 2649 4.
2462 2596 2772 2666 distantiat

370 2687 419 2739 5.
441 2703 720 2755 procurre,
744 2689 1066 2756 efMadviy
1084 2689 1207 2740 Em.
1230 2688 1298 2739 L.
1315 2705 1369 2754 ρ.
1401 2690 1532 2740 596.
1568 2688 1575 2754 Ι
1609 2684 2015 2757 collminatique.
2052 2688 2059 2753 Ι
2094 2687 2141 2739 7.
2168 2685 2450 2753 perhoras.
2487 2687 2494 2754 Ι
2530 2686 2583 2738 8.
2610 2702 2778 2753 quam

365 2776 496 2843 <in>
532 2778 720 2830 stabili
758 2794 904 2845 susp.
953 2777 1270 2845 Wesenbery
1296 2794 1356 2843 p.
1400 2779 1537 2829 320.
1580 2777 1588 2842 Ι
1630 2777 1677 2828 9.
1726 2774 2165 2842 simillimeparti,
2204 2774 2398 2827 similis
2437 2774 2777 2828 humillimae

369 2866 516 2932 parti
553 2866 787 2935 Madv-159
823 2867 948 2921 Em.
985 2866 1051 2921 L.
1086 2884 1144 2933 p.
1190 2870 1306 2919 684
1343 2864 1643 2933 (simillima
1691 2864 2032 2918 humillimae
2080 2864 2226 2930 parti
2269 2869 2438 2917 antea
2475 2864 2777 2932 Kreyssiy),

368 2954 649 3008 simillima
687 2955 738 3008 ei
775 2956 921 3024 parti
960 2954 1209 3008 Harant.
1240 2972 1297 3021 p.
1341 2957 1476 3007 268.
1523 2954 1530 3021 Ι
1572 2951 2007 3023 muripermollta.
2043 2955 2049 3017 Ι
2091 2969 2259 3021 super
2294 2957 2509 3006 stantes
2546 2952 2782 3019 Madviy

372 3044 404 3094 Z.
457 3044 508 3108 l.,
557 3044 652 3096 sed
698 3045 767 3110 ef.
818 3045 893 3099 H.
940 3045 990 3098 I.
1041 3044 1345 3096 Mn'llernm
1389 3044 1452 3095 in
1500 3043 1632 3096 adn.
1681 3043 1760 3095 ed.
1815 3042 2207 3095 Weissenborn.
2244 3059 2303 3109 p.
2362 3045 2450 3095 79.
2485 3043 2493 3110 Ι
2531 3041 2613 3095 10.
2651 3041 2779 3095 sub-

371 3132 616 3204 ipslisent.
678 3135 686 3201 Ι
751 3134 833 3185 11.
880 3130 1501 3202 depulsssisquaeiniisin,
1554 3131 1913 3200 depulsisque
1961 3131 2091 3185 inde
2140 3131 2207 3185 iis
2255 3132 2310 3184 in
2351 3131 2586 3183 Harant
2624 3130 2657 3182 l.
2699 3129 2774 3199 L!

372 3223 452 3276 13.
494 3226 759 3289 extrema,
801 3239 937 3275 corr.
980 3222 1221 3289 Lipsius.
1283 3223 1289 3288 Ι
1353 3221 1435 3273 14.
1483 3224 1788 3287 praetecta,
1840 3237 1976 3274 corr.
2017 3220 2148 3274 Lat.
2188 3220 2453 3273 Latinius
2499 3221 2589 3287 (cf.
2635 3218 2779 3272 Gitl-

370 3313 539 3364 bauer
558 3330 615 3379 p.
655 3317 688 3364 7
699 3317 765 3379 7).
801 3317 806 3376 Ι
846 3312 927 3364 15.
956 3312 1258 3365 testudine.
1293 3315 1300 3379 Ι
1338 3313 1418 3363 16.
1460 3310 1651 3364 inbris.
1687 3311 1695 3377 Ι
1731 3311 1812 3363 17.
1854 3309 2427 3382 captalliamheraclea‚
2461 3324 2596 3361 corr.
2628 3309 2680 3360 I.
2708 3308 2779 3361 F.

373 3401 700 3454 Gronovius,
755 3403 761 3467 Ι
813 3398 1585 3472 castraeopervictamllquam,
1643 3404 1829 3453 castra
1886 3415 1952 3452 eo
2009 3398 2307 3465 promovit,
2363 3400 2650 3464 tamquam
2698 3398 2780 3451 ed.

368 3492 503 3542 Bas.
560 3494 717 3557 1531,
783 3489 1077 3543 Gitlbauer
1125 3507 1179 3556 p.
1234 3494 1325 3556 67,
1383 3494 1570 3543 castra
1626 3505 1692 3542 co
1749 3487 2000 3556 protulit,
2058 3493 2343 3555 tamquam
2399 3486 2783 3540 Weissenborn

368 3582 525 3645 (<ut>
559 3584 783 3645 captum
822 3579 1150 3632 Heracleum
1183 3578 1549 3645 <comperit>,
1588 3582 1774 3631 castra
1802 3594 1870 3631 eo
1896 3575 2173 3645 promovit
2210 3592 2357 3642 susp.
2393 3575 2595 3629 Novdk
2623 3574 2784 3642 Listy

358 3669 444 3735 fil.
484 3672 650 3720 1883.
686 3700 748 3706 -
784 3669 849 3720 de
875 3668 1074 3720 vocula
1101 3668 1213 3721 iam
1244 3667 1476 3719 delenda
1507 3668 1672 3720 etiam
1709 3666 2092 3719 Weissenborn
2120 3665 2494 3733 coyitaverat).
2530 3665 2536 3732 Ι
2573 3663 2656 3716 18.
2688 3664 2782 3716 ad-

365 3773 490 3823 que.
527 3759 533 3822 1
568 3757 868 3823 imperiam.
905 3760 910 3821 Ι
948 3757 1029 3808 19.
1052 3771 1394 3822 progressus,
1417 3771 1554 3808 corr.
1578 3755 1657 3807 ecl.
1680 3756 1814 3808 Bas.
1836 3757 1992 3806 1531.
2028 3756 2036 3819 1
2069 3751 2489 3807 hibernamiam.
2520 3752 2782 3822 {20.sub-

367 3846 578 3898 cundis.
615 3848 620 3910 Ι
654 3844 914 3914 tcsllsalia.
952 3850 958 3908 Ι
993 3844 1155 3913 elegi.
1190 3847 1198 3913 Ι
1233 3844 1952 3912 opportunalecetectaquc.
1988 3845 1995 3910 Ι
