<?xml version="1.0" encoding="UTF-8"?>
<!DOCTYPE html PUBLIC "-//W3C//DTD XHTML 1.0 Transitional//EN"
    "http://www.w3.org/TR/xhtml1/DTD/xhtml1-transitional.dtd">
<html xmlns="http://www.w3.org/1999/xhtml" xml:lang="en" lang="en">
 <head>
  <title>
</title>
<meta http-equiv="Content-Type" content="text/html;charset=utf-8" />
  <meta name='ocr-system' content='tesseract 3.04.00' />
  <meta name='ocr-capabilities' content='ocr_page ocr_carea ocr_par ocr_line ocrx_word'/>
</head>
<body>
  <div class='ocr_page' id='page_1' title='image "./tliviaburbecond01zinggoog_0093.png"; bbox 0 0 3005 4257; ppageno 0'>
   <div class='ocr_carea' id='block_1_1' title="bbox 685 141 2556 210">
    <p class='ocr_par' dir='ltr' id='par_1_1' title="bbox 685 141 2556 210">
     <span class='ocr_line' id='line_1_1' title="bbox 685 141 2556 210; baseline 0.006 -15"><span class='ocrx_word' id='word_1_1' title='bbox 685 143 901 198; x_wconf 82' lang='lat' dir='ltr'><strong>LIBER</strong></span> <span class='ocrx_word' id='word_1_2' title='bbox 946 144 1114 197; x_wconf 85' lang='lat' dir='ltr'>XLII.</span> <span class='ocrx_word' id='word_1_3' title='bbox 1155 143 1306 197; x_wconf 85' lang='lat' dir='ltr'>cAP.</span> <span class='ocrx_word' id='word_1_4' title='bbox 1345 146 1428 197; x_wconf 85' lang='lat'>59.</span> <span class='ocrx_word' id='word_1_5' title='bbox 1467 146 1551 197; x_wconf 87' lang='lat'>60.</span> <span class='ocrx_word' id='word_1_6' title='bbox 1591 141 1661 210; x_wconf 80' lang='lat' dir='ltr'>[a.</span> <span class='ocrx_word' id='word_1_7' title='bbox 1701 144 1765 199; x_wconf 88' lang='lat' dir='ltr'>U.</span> <span class='ocrx_word' id='word_1_8' title='bbox 1804 161 1851 197; x_wconf 82' lang='lat'>0.</span> <span class='ocrx_word' id='word_1_9' title='bbox 1890 141 2016 210; x_wconf 82' lang='lat'>583]</span> <span class='ocrx_word' id='word_1_10' title='bbox 2474 142 2556 206; x_wconf 79' lang='lat'>75</span> 
     </span>
    </p>
   </div>
   <div class='ocr_carea' id='block_1_2' title="bbox 86 314 2644 1613">
    <p class='ocr_par' dir='ltr' id='par_1_2' title="bbox 161 314 2610 661">
     <span class='ocr_line' id='line_1_2' title="bbox 162 314 2610 398; baseline -0.001 -19"><span class='ocrx_word' id='word_1_11' title='bbox 162 322 337 381; x_wconf 91' lang='lat' dir='ltr'>certo</span> <span class='ocrx_word' id='word_1_12' title='bbox 386 314 823 380; x_wconf 81' lang='lat' dir='ltr'>incedentibus</span> <span class='ocrx_word' id='word_1_13' title='bbox 869 314 1076 398; x_wconf 90' lang='lat' dir='ltr'>gradu</span> <span class='ocrx_word' id='word_1_14' title='bbox 1122 335 1349 380; x_wconf 91' lang='lat' dir='ltr'>manus</span> <span class='ocrx_word' id='word_1_15' title='bbox 1397 334 1727 398; x_wconf 72' lang='lat' dir='ltr'>conserere</span> <span class='ocrx_word' id='word_1_16' title='bbox 1773 315 2113 384; x_wconf 82' lang='lat' dir='ltr'>audebant.</span> <span class='ocrx_word' id='word_1_17' title='bbox 2168 334 2311 380; x_wconf 88' lang='lat' dir='ltr'>cum</span> <span class='ocrx_word' id='word_1_18' title='bbox 2355 315 2558 379; x_wconf 90' lang='lat' dir='ltr'>victor</span> <span class='ocrx_word' id='word_1_19' title='bbox 2584 334 2610 374; x_wconf 79' lang='grc' dir='ltr'>τ</span> 
     </span>
     <span class='ocr_line' id='line_1_3' title="bbox 162 401 2558 491; baseline -0.001 -24"><span class='ocrx_word' id='word_1_20' title='bbox 162 401 443 486; x_wconf 81' lang='lat' dir='ltr'>equestri</span> <span class='ocrx_word' id='word_1_21' title='bbox 494 402 737 486; x_wconf 88' lang='lat' dir='ltr'>proelio</span> <span class='ocrx_word' id='word_1_22' title='bbox 797 423 928 483; x_wconf 92' lang='lat' dir='ltr'>rex,</span> <span class='ocrx_word' id='word_1_23' title='bbox 974 422 1174 491; x_wconf 91' lang='lat' dir='ltr'>parvo</span> <span class='ocrx_word' id='word_1_24' title='bbox 1234 408 1553 467; x_wconf 88' lang='lat' dir='ltr'>momento</span> <span class='ocrx_word' id='word_1_25' title='bbox 1615 401 1668 467; x_wconf 90' lang='lat' dir='ltr'>si</span> <span class='ocrx_word' id='word_1_26' title='bbox 1714 401 2070 467; x_wconf 86' lang='lat' dir='ltr'>adiuvisset</span> <span class='ocrx_word' id='word_1_27' title='bbox 2128 401 2558 467; x_wconf 81' lang='lat' dir='ltr'>debellaturus</span> 
     </span>
     <span class='ocr_line' id='line_1_4' title="bbox 161 488 2557 574; baseline 0 -21"><span class='ocrx_word' id='word_1_28' title='bbox 161 508 307 555; x_wconf 88' lang='lat' dir='ltr'>esse</span> <span class='ocrx_word' id='word_1_29' title='bbox 339 489 690 569; x_wconf 79' lang='lat' dir='ltr'>videretur,</span> <span class='ocrx_word' id='word_1_30' title='bbox 738 497 1090 574; x_wconf 79' lang='lat' dir='ltr'>opportune</span> <span class='ocrx_word' id='word_1_31' title='bbox 1131 488 1476 554; x_wconf 87' lang='lat' dir='ltr'>adhortans</span> <span class='ocrx_word' id='word_1_32' title='bbox 1518 488 1578 553; x_wconf 92' lang='lat' dir='ltr'>ei</span> <span class='ocrx_word' id='word_1_33' title='bbox 1617 489 1985 573; x_wconf 89' lang='lat' dir='ltr'>supervenit</span> <span class='ocrx_word' id='word_1_34' title='bbox 2022 488 2323 573; x_wconf 83' lang='lat' dir='ltr'>phalanx,</span> <span class='ocrx_word' id='word_1_35' title='bbox 2365 507 2557 570; x_wconf 88' lang='lat' dir='ltr'>quam</span> 
     </span>
     <span class='ocr_line' id='line_1_5' title="bbox 161 575 2557 661; baseline -0.001 -20"><span class='ocrx_word' id='word_1_36' title='bbox 161 597 278 642; x_wconf 89' lang='lat' dir='ltr'>sua</span> <span class='ocrx_word' id='word_1_37' title='bbox 332 583 578 660; x_wconf 90' lang='lat' dir='ltr'>sponte,</span> <span class='ocrx_word' id='word_1_38' title='bbox 639 596 720 640; x_wconf 93' lang='lat' dir='ltr'>ne</span> <span class='ocrx_word' id='word_1_39' title='bbox 779 576 1011 641; x_wconf 77' lang='lat' dir='ltr'>audaci</span> <span class='ocrx_word' id='word_1_40' title='bbox 1071 583 1296 661; x_wconf 91' lang='lat' dir='ltr'>coepto</span> <span class='ocrx_word' id='word_1_41' title='bbox 1357 575 1678 656; x_wconf 87' lang='lat' dir='ltr'>deessent,</span> <span class='ocrx_word' id='word_1_42' title='bbox 1738 575 2011 660; x_wconf 90' lang='lat' dir='ltr'>Hippias</span> <span class='ocrx_word' id='word_1_43' title='bbox 2071 582 2134 640; x_wconf 93' lang='lat' dir='ltr'>et</span> <span class='ocrx_word' id='word_1_44' title='bbox 2193 575 2557 640; x_wconf 85' lang='lat' dir='ltr'>Leonnatus</span> 
     </span>
    </p>

    <p class='ocr_par' dir='ltr' id='par_1_3' title="bbox 108 661 2613 1093">
     <span class='ocr_line' id='line_1_6' title="bbox 108 661 2559 763; baseline 0.001 -40"><span class='ocrx_word' id='word_1_45' title='bbox 108 686 132 723; x_wconf 87' lang='lat'>5</span> <span class='ocrx_word' id='word_1_46' title='bbox 160 662 392 748; x_wconf 90' lang='lat' dir='ltr'>raptim</span> <span class='ocrx_word' id='word_1_47' title='bbox 430 662 846 743; x_wconf 84' lang='lat' dir='ltr'>adduxerant,</span> <span class='ocrx_word' id='word_1_48' title='bbox 885 670 1231 763; x_wconf 85' lang='lat' dir='ltr'>postquam</span> <span class='ocrx_word' id='word_1_49' title='bbox 1265 681 1570 747; x_wconf 83' lang='lat' dir='ltr'>prospere</span> <span class='ocrx_word' id='word_1_50' title='bbox 1613 682 1938 747; x_wconf 84' lang='lat' dir='ltr'>pugnasse</span> <span class='ocrx_word' id='word_1_51' title='bbox 1978 661 2255 744; x_wconf 91' lang='lat' dir='ltr'>equitem</span> <span class='ocrx_word' id='word_1_52' title='bbox 2300 682 2451 726; x_wconf 92' lang='lat' dir='ltr'>acce</span> <span class='ocrx_word' id='word_1_53' title='bbox 2499 683 2559 726; x_wconf 93' lang='lat' dir='ltr'>e-</span> 
     </span>
     <span class='ocr_line' id='line_1_7' title="bbox 159 748 2613 834; baseline -0.002 -20"><span class='ocrx_word' id='word_1_54' title='bbox 159 757 322 815; x_wconf 93' lang='lat' dir='ltr'>runt.</span> <span class='ocrx_word' id='word_1_55' title='bbox 374 748 701 815; x_wconf 84' lang='lat' dir='ltr'>fluctuanti</span> <span class='ocrx_word' id='word_1_56' title='bbox 761 771 902 831; x_wconf 79' lang='lat' dir='ltr'>regr</span> <span class='ocrx_word' id='word_1_57' title='bbox 960 750 1124 825; x_wconf 89' lang='lat' dir='ltr'>inter</span> <span class='ocrx_word' id='word_1_58' title='bbox 1169 770 1349 834; x_wconf 92' lang='lat' dir='ltr'>spem</span> <span class='ocrx_word' id='word_1_59' title='bbox 1410 758 1774 832; x_wconf 91' lang='lat' dir='ltr'>metumque</span> <span class='ocrx_word' id='word_1_60' title='bbox 1818 756 2033 814; x_wconf 87' lang='lat' dir='ltr'>tantae</span> <span class='ocrx_word' id='word_1_61' title='bbox 2091 749 2185 816; x_wconf 86' lang='lat' dir='ltr'>rei</span> <span class='ocrx_word' id='word_1_62' title='bbox 2230 768 2431 813; x_wconf 89' lang='lat' dir='ltr'>conan</span> <span class='ocrx_word' id='word_1_63' title='bbox 2523 769 2558 812; x_wconf 91' lang='lat' dir='ltr'>e</span> <span class='ocrx_word' id='word_1_64' title='bbox 2585 768 2613 807; x_wconf 73' lang='lat' dir='ltr'>a</span> 
     </span>
     <span class='ocr_line' id='line_1_8' title="bbox 160 834 2558 920; baseline -0 -19"><span class='ocrx_word' id='word_1_65' title='bbox 160 835 481 902; x_wconf 86' lang='lat' dir='ltr'>Cretensis</span> <span class='ocrx_word' id='word_1_66' title='bbox 535 834 851 917; x_wconf 89' lang='lat' dir='ltr'>Euander,</span> <span class='ocrx_word' id='word_1_67' title='bbox 914 856 1037 918; x_wconf 93' lang='lat' dir='ltr'>quo</span> <span class='ocrx_word' id='word_1_68' title='bbox 1099 836 1382 917; x_wconf 88' lang='lat' dir='ltr'>ministro</span> <span class='ocrx_word' id='word_1_69' title='bbox 1442 835 1715 920; x_wconf 92' lang='lat' dir='ltr'>Delphis</span> <span class='ocrx_word' id='word_1_70' title='bbox 1783 835 1868 900; x_wconf 93' lang='lat' dir='ltr'>ad</span> <span class='ocrx_word' id='word_1_71' title='bbox 1935 834 2199 900; x_wconf 90' lang='lat' dir='ltr'>insidias</span> <span class='ocrx_word' id='word_1_72' title='bbox 2259 835 2558 900; x_wconf 87' lang='lat' dir='ltr'>Eumenis</span> 
     </span>
     <span class='ocr_line' id='line_1_9' title="bbox 157 921 2558 1006; baseline -0 -19"><span class='ocrx_word' id='word_1_73' title='bbox 157 924 332 1006; x_wconf 91' lang='lat' dir='ltr'>regis</span> <span class='ocrx_word' id='word_1_74' title='bbox 380 942 530 987; x_wconf 89' lang='lat' dir='ltr'>usus</span> <span class='ocrx_word' id='word_1_75' title='bbox 577 931 731 1003; x_wconf 92' lang='lat' dir='ltr'>erat,</span> <span class='ocrx_word' id='word_1_76' title='bbox 769 931 1107 1005; x_wconf 90' lang='lat' dir='ltr'>postquam</span> <span class='ocrx_word' id='word_1_77' title='bbox 1153 943 1386 1005; x_wconf 86' lang='lat' dir='ltr'>agmen</span> <span class='ocrx_word' id='word_1_78' title='bbox 1430 922 1717 1006; x_wconf 90' lang='lat' dir='ltr'>peditum</span> <span class='ocrx_word' id='word_1_79' title='bbox 1761 921 2150 988; x_wconf 87' lang='lat' dir='ltr'>venientium</span> <span class='ocrx_word' id='word_1_80' title='bbox 2196 922 2312 987; x_wconf 91' lang='lat' dir='ltr'>sub</span> <span class='ocrx_word' id='word_1_81' title='bbox 2358 921 2558 1004; x_wconf 90' lang='lat' dir='ltr'>signis</span> 
     </span>
     <span class='ocr_line' id='line_1_10' title="bbox 158 1008 2611 1093; baseline -0.003 -17"><span class='ocrx_word' id='word_1_82' title='bbox 158 1010 340 1091; x_wconf 83' lang='lat' dir='ltr'>vidit,</span> <span class='ocrx_word' id='word_1_83' title='bbox 391 1008 501 1093; x_wconf 92' lang='lat' dir='ltr'>[ad</span> <span class='ocrx_word' id='word_1_84' title='bbox 546 1009 791 1092; x_wconf 90' lang='lat' dir='ltr'>regem]</span> <span class='ocrx_word' id='word_1_85' title='bbox 838 1010 1110 1075; x_wconf 89' lang='lat' dir='ltr'>accurrit</span> <span class='ocrx_word' id='word_1_86' title='bbox 1176 1017 1240 1074; x_wconf 92' lang='lat' dir='ltr'>et</span> <span class='ocrx_word' id='word_1_87' title='bbox 1283 1029 1539 1075; x_wconf 92' lang='lat' dir='ltr'>monere</span> <span class='ocrx_word' id='word_1_88' title='bbox 1587 1008 1828 1090; x_wconf 88' lang='lat' dir='ltr'>institit,</span> <span class='ocrx_word' id='word_1_89' title='bbox 1875 1029 1956 1074; x_wconf 94' lang='lat' dir='ltr'>ne</span> <span class='ocrx_word' id='word_1_90' title='bbox 2009 1009 2211 1074; x_wconf 91' lang='lat' dir='ltr'>elatus</span> <span class='ocrx_word' id='word_1_91' title='bbox 2258 1008 2559 1074; x_wconf 87' lang='lat' dir='ltr'>felicitate</span> <span class='ocrx_word' id='word_1_92' title='bbox 2586 1030 2611 1069; x_wconf 86' lang='lat'>9</span> 
     </span>
    </p>

    <p class='ocr_par' dir='ltr' id='par_1_4' title="bbox 88 1095 2644 1526">
     <span class='ocr_line' id='line_1_11' title="bbox 88 1095 2644 1179; baseline 0 -23"><span class='ocrx_word' id='word_1_93' title='bbox 88 1121 132 1158; x_wconf 87' lang='grc' dir='ltr'>ιο</span> <span class='ocrx_word' id='word_1_94' title='bbox 160 1118 473 1162; x_wconf 90' lang='lat' dir='ltr'>summam</span> <span class='ocrx_word' id='word_1_95' title='bbox 518 1117 726 1161; x_wconf 92' lang='lat' dir='ltr'>rerum</span> <span class='ocrx_word' id='word_1_96' title='bbox 769 1104 1004 1161; x_wconf 92' lang='lat' dir='ltr'>temere</span> <span class='ocrx_word' id='word_1_97' title='bbox 1050 1096 1115 1160; x_wconf 94' lang='lat' dir='ltr'>in</span> <span class='ocrx_word' id='word_1_98' title='bbox 1159 1116 1288 1161; x_wconf 94' lang='lat' dir='ltr'>non</span> <span class='ocrx_word' id='word_1_99' title='bbox 1332 1095 1758 1161; x_wconf 89' lang='lat' dir='ltr'>necessariam</span> <span class='ocrx_word' id='word_1_100' title='bbox 1802 1096 2009 1160; x_wconf 91' lang='lat' dir='ltr'>aleam</span> <span class='ocrx_word' id='word_1_101' title='bbox 2055 1095 2266 1179; x_wconf 86' lang='lat' dir='ltr'>daret;</span> <span class='ocrx_word' id='word_1_102' title='bbox 2317 1095 2368 1160; x_wconf 91' lang='lat' dir='ltr'>si</span> <span class='ocrx_word' id='word_1_103' title='bbox 2417 1115 2560 1160; x_wconf 90' lang='lat' dir='ltr'>con·</span> <span class='ocrx_word' id='word_1_104' title='bbox 2588 1116 2644 1156; x_wconf 81' lang='grc' dir='ltr'>ιο</span> 
     </span>
     <span class='ocr_line' id='line_1_12' title="bbox 158 1181 2562 1266; baseline -0.002 -17"><span class='ocrx_word' id='word_1_105' title='bbox 158 1191 371 1250; x_wconf 88' lang='lat' dir='ltr'>tentus</span> <span class='ocrx_word' id='word_1_106' title='bbox 417 1184 580 1248; x_wconf 93' lang='lat' dir='ltr'>bene</span> <span class='ocrx_word' id='word_1_107' title='bbox 634 1204 702 1248; x_wconf 92' lang='lat' dir='ltr'>re</span> <span class='ocrx_word' id='word_1_108' title='bbox 748 1191 933 1265; x_wconf 89' lang='lat' dir='ltr'>gesta</span> <span class='ocrx_word' id='word_1_109' title='bbox 980 1183 1258 1265; x_wconf 88' lang='lat' dir='ltr'>quiesset</span> <span class='ocrx_word' id='word_1_110' title='bbox 1304 1203 1380 1247; x_wconf 91' lang='lat' dir='ltr'>eo</span> <span class='ocrx_word' id='word_1_111' title='bbox 1427 1181 1549 1263; x_wconf 91' lang='lat' dir='ltr'>die,</span> <span class='ocrx_word' id='word_1_112' title='bbox 1597 1183 1700 1247; x_wconf 90' lang='lat' dir='ltr'>vel</span> <span class='ocrx_word' id='word_1_113' title='bbox 1760 1182 1938 1266; x_wconf 86' lang='lat' dir='ltr'>pacis</span> <span class='ocrx_word' id='word_1_114' title='bbox 1997 1183 2305 1247; x_wconf 89' lang='lat' dir='ltr'>honestae</span> <span class='ocrx_word' id='word_1_115' title='bbox 2350 1182 2562 1248; x_wconf 90' lang='lat' dir='ltr'>condi-</span> 
     </span>
     <span class='ocr_line' id='line_1_13' title="bbox 159 1268 2561 1354; baseline -0 -19"><span class='ocrx_word' id='word_1_116' title='bbox 159 1270 411 1336; x_wconf 89' lang='lat' dir='ltr'>cionem</span> <span class='ocrx_word' id='word_1_117' title='bbox 470 1268 848 1350; x_wconf 90' lang='lat' dir='ltr'>habiturum,</span> <span class='ocrx_word' id='word_1_118' title='bbox 895 1271 999 1335; x_wconf 90' lang='lat' dir='ltr'>vel</span> <span class='ocrx_word' id='word_1_119' title='bbox 1057 1269 1360 1354; x_wconf 90' lang='lat' dir='ltr'>plurimos</span> <span class='ocrx_word' id='word_1_120' title='bbox 1428 1269 1582 1334; x_wconf 90' lang='lat' dir='ltr'>belli</span> <span class='ocrx_word' id='word_1_121' title='bbox 1649 1269 1874 1348; x_wconf 89' lang='lat' dir='ltr'>socios,</span> <span class='ocrx_word' id='word_1_122' title='bbox 1925 1269 2033 1352; x_wconf 92' lang='lat' dir='ltr'>qui</span> <span class='ocrx_word' id='word_1_123' title='bbox 2100 1269 2415 1334; x_wconf 84' lang='lat' dir='ltr'>fortunam</span> <span class='ocrx_word' id='word_1_124' title='bbox 2468 1289 2561 1334; x_wconf 89' lang='lat' dir='ltr'>se—</span> 
     </span>
     <span class='ocr_line' id='line_1_14' title="bbox 159 1355 2644 1440; baseline -0.002 -20"><span class='ocrx_word' id='word_1_125' title='bbox 159 1364 521 1438; x_wconf 87' lang='lat' dir='ltr'>querentur,</span> <span class='ocrx_word' id='word_1_126' title='bbox 569 1356 623 1422; x_wconf 89' lang='lat' dir='ltr'>si</span> <span class='ocrx_word' id='word_1_127' title='bbox 654 1356 891 1421; x_wconf 92' lang='lat' dir='ltr'>bellare</span> <span class='ocrx_word' id='word_1_128' title='bbox 930 1356 1164 1420; x_wconf 92' lang='lat' dir='ltr'>mallet.</span> <span class='ocrx_word' id='word_1_129' title='bbox 1214 1356 1279 1419; x_wconf 91' lang='lat' dir='ltr'>in</span> <span class='ocrx_word' id='word_1_130' title='bbox 1319 1355 1442 1421; x_wconf 93' lang='lat' dir='ltr'>hoc</span> <span class='ocrx_word' id='word_1_131' title='bbox 1480 1355 1814 1421; x_wconf 89' lang='lat' dir='ltr'>consilium</span> <span class='ocrx_word' id='word_1_132' title='bbox 1852 1356 2109 1440; x_wconf 91' lang='lat' dir='ltr'>pronior</span> <span class='ocrx_word' id='word_1_133' title='bbox 2144 1362 2279 1420; x_wconf 92' lang='lat' dir='ltr'>erat</span> <span class='ocrx_word' id='word_1_134' title='bbox 2316 1355 2561 1420; x_wconf 90' lang='lat' dir='ltr'>animus</span> <span class='ocrx_word' id='word_1_135' title='bbox 2591 1376 2644 1416; x_wconf 73' lang='grc' dir='ltr'>ιι</span> 
     </span>
     <span class='ocr_line' id='line_1_15' title="bbox 156 1440 2563 1526; baseline -0.001 -18"><span class='ocrx_word' id='word_1_136' title='bbox 156 1444 351 1525; x_wconf 89' lang='lat' dir='ltr'>regis.</span> <span class='ocrx_word' id='word_1_137' title='bbox 401 1443 617 1524; x_wconf 92' lang='lat' dir='ltr'>itaque</span> <span class='ocrx_word' id='word_1_138' title='bbox 649 1443 1031 1508; x_wconf 91' lang='lat' dir='ltr'>conlaudato</span> <span class='ocrx_word' id='word_1_139' title='bbox 1062 1440 1361 1507; x_wconf 84' lang='lat' dir='ltr'>Euandro</span> <span class='ocrx_word' id='word_1_140' title='bbox 1394 1442 1582 1525; x_wconf 90' lang='lat' dir='ltr'>signa</span> <span class='ocrx_word' id='word_1_141' title='bbox 1625 1442 1844 1507; x_wconf 87' lang='lat' dir='ltr'>referri</span> <span class='ocrx_word' id='word_1_142' title='bbox 1888 1441 2299 1526; x_wconf 90' lang='lat' dir='ltr'>peditumque</span> <span class='ocrx_word' id='word_1_143' title='bbox 2330 1463 2563 1525; x_wconf 83' lang='lat' dir='ltr'>agmen</span> 
     </span>
    </p>

    <p class='ocr_par' dir='ltr' id='par_1_5' title="bbox 86 1529 1958 1613">
     <span class='ocr_line' id='line_1_16' title="bbox 86 1529 1958 1613; baseline 0.002 -23"><span class='ocrx_word' id='word_1_144' title='bbox 86 1551 135 1590; x_wconf 82' lang='lat'>1⁵</span> <span class='ocrx_word' id='word_1_145' title='bbox 160 1530 372 1596; x_wconf 88' lang='lat' dir='ltr'>redire</span> <span class='ocrx_word' id='word_1_146' title='bbox 416 1529 483 1593; x_wconf 91' lang='lat' dir='ltr'>in</span> <span class='ocrx_word' id='word_1_147' title='bbox 528 1536 738 1596; x_wconf 89' lang='lat' dir='ltr'>castra</span> <span class='ocrx_word' id='word_1_148' title='bbox 784 1529 974 1610; x_wconf 88' lang='lat' dir='ltr'>iubet,</span> <span class='ocrx_word' id='word_1_149' title='bbox 1023 1529 1338 1611; x_wconf 90' lang='lat' dir='ltr'>equitibus</span> <span class='ocrx_word' id='word_1_150' title='bbox 1384 1529 1666 1613; x_wconf 92' lang='lat' dir='ltr'>receptui</span> <span class='ocrx_word' id='word_1_151' title='bbox 1712 1549 1958 1594; x_wconf 90' lang='lat' dir='ltr'>canere.</span> 
     </span>
    </p>
   </div>
   <div class='ocr_carea' id='block_1_3' title="bbox 83 1631 2638 2063">
    <p class='ocr_par' dir='ltr' id='par_1_6' title="bbox 83 1631 2638 2063">
     <span class='ocr_line' id='line_1_17' title="bbox 368 1631 2612 1715; baseline -0.002 -19"><span class='ocrx_word' id='word_1_152' title='bbox 368 1633 507 1698; x_wconf 88' lang='lat' dir='ltr'>LX.</span> <span class='ocrx_word' id='word_1_153' title='bbox 556 1631 860 1698; x_wconf 86' lang='lat' dir='ltr'>Cecidere</span> <span class='ocrx_word' id='word_1_154' title='bbox 900 1654 977 1698; x_wconf 92' lang='lat' dir='ltr'>eo</span> <span class='ocrx_word' id='word_1_155' title='bbox 1017 1632 1121 1697; x_wconf 89' lang='lat' dir='ltr'>die</span> <span class='ocrx_word' id='word_1_156' title='bbox 1161 1633 1242 1697; x_wconf 93' lang='lat' dir='ltr'>ab</span> <span class='ocrx_word' id='word_1_157' title='bbox 1281 1633 1584 1698; x_wconf 89' lang='lat' dir='ltr'>Romanis</span> <span class='ocrx_word' id='word_1_158' title='bbox 1617 1631 1871 1698; x_wconf 90' lang='lat' dir='ltr'>ducenti</span> <span class='ocrx_word' id='word_1_159' title='bbox 1910 1633 2175 1715; x_wconf 89' lang='lat' dir='ltr'>equites,</span> <span class='ocrx_word' id='word_1_160' title='bbox 2215 1632 2342 1697; x_wconf 92' lang='lat' dir='ltr'>duo</span> <span class='ocrx_word' id='word_1_161' title='bbox 2386 1632 2563 1696; x_wconf 92' lang='lat' dir='ltr'>milia</span> <span class='ocrx_word' id='word_1_162' title='bbox 2589 1653 2612 1690; x_wconf 89' lang='lat'><strong>1</strong></span> 
     </span>
     <span class='ocr_line' id='line_1_18' title="bbox 158 1719 2562 1804; baseline -0.001 -20"><span class='ocrx_word' id='word_1_163' title='bbox 158 1719 335 1785; x_wconf 91' lang='lat' dir='ltr'>haud</span> <span class='ocrx_word' id='word_1_164' title='bbox 381 1720 586 1784; x_wconf 92' lang='lat' dir='ltr'>minus</span> <span class='ocrx_word' id='word_1_165' title='bbox 632 1719 949 1804; x_wconf 81' lang='lat' dir='ltr'>peditum3</span> <span class='ocrx_word' id='word_1_166' title='bbox 1007 1719 1178 1803; x_wconf 89' lang='lat' dir='ltr'>capti</span> <span class='ocrx_word' id='word_1_167' title='bbox 1239 1720 1511 1784; x_wconf 89' lang='lat' dir='ltr'>sescenti</span> <span class='ocrx_word' id='word_1_168' title='bbox 1560 1720 1774 1784; x_wconf 86' lang='lat' dir='ltr'>ferme.</span> <span class='ocrx_word' id='word_1_169' title='bbox 1838 1740 1918 1783; x_wconf 92' lang='lat' dir='ltr'>ex</span> <span class='ocrx_word' id='word_1_170' title='bbox 1976 1719 2172 1801; x_wconf 89' lang='lat' dir='ltr'>regiis</span> <span class='ocrx_word' id='word_1_171' title='bbox 2219 1726 2430 1784; x_wconf 91' lang='lat' dir='ltr'>autem</span> <span class='ocrx_word' id='word_1_172' title='bbox 2475 1720 2562 1783; x_wconf 89' lang='lat' dir='ltr'>vi-</span> 
     </span>
     <span class='ocr_line' id='line_1_19' title="bbox 156 1804 2618 1890; baseline -0.003 -18"><span class='ocrx_word' id='word_1_173' title='bbox 156 1807 318 1890; x_wconf 91' lang='lat' dir='ltr'>ginti</span> <span class='ocrx_word' id='word_1_174' title='bbox 391 1806 657 1889; x_wconf 90' lang='lat' dir='ltr'>equites,</span> <span class='ocrx_word' id='word_1_175' title='bbox 718 1805 1144 1888; x_wconf 88' lang='lat' dir='ltr'>quadraginta</span> <span class='ocrx_word' id='word_1_176' title='bbox 1202 1804 1450 1890; x_wconf 91' lang='lat' dir='ltr'>pedites</span> <span class='ocrx_word' id='word_1_177' title='bbox 1511 1805 1841 1871; x_wconf 86' lang='lat' dir='ltr'>interfecti.</span> <span class='ocrx_word' id='word_1_178' title='bbox 1912 1813 2248 1890; x_wconf 90' lang='lat' dir='ltr'>postquam</span> <span class='ocrx_word' id='word_1_179' title='bbox 2316 1805 2559 1871; x_wconf 88' lang='lat' dir='ltr'>rediere</span> <span class='ocrx_word' id='word_1_180' title='bbox 2589 1826 2618 1865; x_wconf 72' lang='lat'>2</span> 
     </span>
     <span class='ocr_line' id='line_1_20' title="bbox 157 1891 2638 1975; baseline -0 -18"><span class='ocrx_word' id='word_1_181' title='bbox 157 1893 224 1957; x_wconf 93' lang='lat' dir='ltr'>in</span> <span class='ocrx_word' id='word_1_182' title='bbox 272 1900 485 1958; x_wconf 89' lang='lat' dir='ltr'>castra</span> <span class='ocrx_word' id='word_1_183' title='bbox 529 1893 823 1973; x_wconf 87' lang='lat' dir='ltr'>victores,</span> <span class='ocrx_word' id='word_1_184' title='bbox 880 1913 1098 1958; x_wconf 90' lang='lat' dir='ltr'>omnes</span> <span class='ocrx_word' id='word_1_185' title='bbox 1146 1892 1415 1975; x_wconf 87' lang='lat' dir='ltr'>quidem</span> <span class='ocrx_word' id='word_1_186' title='bbox 1462 1893 1634 1973; x_wconf 91' lang='lat' dir='ltr'>laeti,</span> <span class='ocrx_word' id='word_1_187' title='bbox 1696 1900 1843 1957; x_wconf 92' lang='lat' dir='ltr'>ante</span> <span class='ocrx_word' id='word_1_188' title='bbox 1904 1892 2064 1957; x_wconf 92' lang='lat' dir='ltr'>alios</span> <span class='ocrx_word' id='word_1_189' title='bbox 2111 1891 2432 1956; x_wconf 85' lang='lat' dir='ltr'>Thracum</span> <span class='ocrx_word' id='word_1_190' title='bbox 2473 1892 2565 1956; x_wconf 91' lang='lat' dir='ltr'>in·</span> <span class='ocrx_word' id='word_1_191' title='bbox 2634 1971 2638 1975; x_wconf 18' lang='lat'><strong>¹</strong></span> 
     </span>
     <span class='ocr_line' id='line_1_21' title="bbox 83 1977 2564 2063; baseline -0.001 -18"><span class='ocrx_word' id='word_1_192' title='bbox 83 2000 132 2037; x_wconf 81' lang='lat'>20</span> <span class='ocrx_word' id='word_1_193' title='bbox 160 1981 376 2045; x_wconf 92' lang='lat' dir='ltr'>solens</span> <span class='ocrx_word' id='word_1_194' title='bbox 424 1979 668 2045; x_wconf 87' lang='lat' dir='ltr'>laetitia</span> <span class='ocrx_word' id='word_1_195' title='bbox 727 1979 1079 2063; x_wconf 84' lang='lat' dir='ltr'>eminebat3</span> <span class='ocrx_word' id='word_1_196' title='bbox 1149 2000 1293 2044; x_wconf 92' lang='lat' dir='ltr'>cum</span> <span class='ocrx_word' id='word_1_197' title='bbox 1361 1987 1550 2045; x_wconf 90' lang='lat' dir='ltr'>cantu</span> <span class='ocrx_word' id='word_1_198' title='bbox 1621 1978 1788 2044; x_wconf 92' lang='lat' dir='ltr'>enim</span> <span class='ocrx_word' id='word_1_199' title='bbox 1855 1978 2116 2063; x_wconf 91' lang='lat' dir='ltr'>rumpiis</span> <span class='ocrx_word' id='word_1_200' title='bbox 2180 1977 2308 2042; x_wconf 91' lang='lat' dir='ltr'>fixa</span> <span class='ocrx_word' id='word_1_201' title='bbox 2353 1979 2564 2063; x_wconf 91' lang='lat' dir='ltr'>capita</span> 
     </span>
    </p>
   </div>
   <div class='ocr_carea' id='block_1_4' title="bbox 156 2118 2565 2363">
    <p class='ocr_par' dir='ltr' id='par_1_7' title="bbox 156 2118 2565 2363">
     <span class='ocr_line' id='line_1_22' title="bbox 299 2118 2562 2205; baseline -0 -31"><span class='ocrx_word' id='word_1_202' title='bbox 299 2124 346 2175; x_wconf 94' lang='lat'>1.</span> <span class='ocrx_word' id='word_1_203' title='bbox 384 2121 443 2173; x_wconf 88' lang='lat' dir='ltr'>in</span> <span class='ocrx_word' id='word_1_204' title='bbox 461 2119 478 2188; x_wconf 96' lang='grc' dir='ltr'>ΙΙ</span> <span class='ocrx_word' id='word_1_205' title='bbox 498 2121 866 2176; x_wconf 82' lang='lat' dir='ltr'>candentibus</span> <span class='ocrx_word' id='word_1_206' title='bbox 885 2121 987 2191; x_wconf 85' lang='lat' dir='ltr'>(cf.</span> <span class='ocrx_word' id='word_1_207' title='bbox 1011 2121 1285 2174; x_wconf 82' lang='lat' dir='ltr'>Gitlbauer</span> <span class='ocrx_word' id='word_1_208' title='bbox 1297 2140 1354 2190; x_wconf 83' lang='lat' dir='ltr'>p.</span> <span class='ocrx_word' id='word_1_209' title='bbox 1378 2118 1495 2187; x_wconf 89' lang='grc'>76),</span> <span class='ocrx_word' id='word_1_210' title='bbox 1518 2120 1843 2174; x_wconf 87' lang='lat' dir='ltr'>cedentibus</span> <span class='ocrx_word' id='word_1_211' title='bbox 1863 2119 2082 2189; x_wconf 75' lang='lat' dir='ltr'>Madviy</span> <span class='ocrx_word' id='word_1_212' title='bbox 2097 2119 2218 2172; x_wconf 90' lang='lat' dir='ltr'>Em.</span> <span class='ocrx_word' id='word_1_213' title='bbox 2239 2119 2302 2172; x_wconf 92' lang='lat' dir='ltr'>L.</span> <span class='ocrx_word' id='word_1_214' title='bbox 2317 2138 2373 2188; x_wconf 83' lang='lat' dir='ltr'>p.</span> <span class='ocrx_word' id='word_1_215' title='bbox 2394 2118 2521 2173; x_wconf 77' lang='lat'>657.</span> <span class='ocrx_word' id='word_1_216' title='bbox 2551 2135 2562 2205; x_wconf 67' lang='grc' dir='ltr'>Ι</span> 
     </span>
     <span class='ocr_line' id='line_1_23' title="bbox 156 2205 2565 2276; baseline -0 -15"><span class='ocrx_word' id='word_1_217' title='bbox 156 2212 205 2261; x_wconf 84' lang='grc'>2.</span> <span class='ocrx_word' id='word_1_218' title='bbox 257 2207 2310 2276; x_wconf 83' lang='lat' dir='ltr'>siadiuuissetdebellatumesseetopportuneadhortantisuperuenitpalanx</span> <span class='ocrx_word' id='word_1_219' title='bbox 2324 2205 2393 2273; x_wconf 86' lang='lat' dir='ltr'>(si</span> <span class='ocrx_word' id='word_1_220' title='bbox 2410 2207 2565 2260; x_wconf 88' lang='lat' dir='ltr'>adiu-</span> 
     </span>
     <span class='ocr_line' id='line_1_24' title="bbox 160 2294 2563 2363; baseline 0 -17"><span class='ocrx_word' id='word_1_221' title='bbox 160 2295 354 2361; x_wconf 86' lang='lat' dir='ltr'>visset,</span> <span class='ocrx_word' id='word_1_222' title='bbox 393 2294 735 2348; x_wconf 88' lang='lat' dir='ltr'>debellatum</span> <span class='ocrx_word' id='word_1_223' title='bbox 773 2299 932 2360; x_wconf 86' lang='lat' dir='ltr'>esset,</span> <span class='ocrx_word' id='word_1_224' title='bbox 970 2298 1286 2363; x_wconf 87' lang='lat' dir='ltr'>opportune</span> <span class='ocrx_word' id='word_1_225' title='bbox 1323 2294 1648 2348; x_wconf 85' lang='lat' dir='ltr'>adhortanti</span> <span class='ocrx_word' id='word_1_226' title='bbox 1685 2294 2007 2363; x_wconf 85' lang='lat' dir='ltr'>supervenit</span> <span class='ocrx_word' id='word_1_227' title='bbox 2041 2294 2287 2361; x_wconf 83' lang='lat' dir='ltr'>phalanx</span> <span class='ocrx_word' id='word_1_228' title='bbox 2323 2296 2400 2346; x_wconf 84' lang='lat' dir='ltr'>ed.</span> <span class='ocrx_word' id='word_1_229' title='bbox 2436 2295 2563 2347; x_wconf 66' lang='lat' dir='ltr'>Bas.</span> 
     </span>
    </p>
   </div>
   <div class='ocr_carea' id='block_1_5' title="bbox 160 2087 581 2094">
    <p class='ocr_par' dir='ltr' id='par_1_8' title="bbox 160 2087 581 2094">
     <span class='ocr_line' id='line_1_25' title="bbox 160 2087 581 2094; baseline 0 0"><span class='ocrx_word' id='word_1_230' title='bbox 160 2087 581 2094; x_wconf 95' lang='lat' dir='ltr'> </span> 
     </span>
    </p>
   </div>
   <div class='ocr_carea' id='block_1_6' title="bbox 156 2380 2572 3839">
    <p class='ocr_par' dir='ltr' id='par_1_9' title="bbox 156 2380 2572 3839">
     <span class='ocr_line' id='line_1_26' title="bbox 159 2380 2572 2450; baseline 0.001 -17"><span class='ocrx_word' id='word_1_231' title='bbox 159 2381 352 2449; x_wconf 75' lang='lat'>1531),</span> <span class='ocrx_word' id='word_1_232' title='bbox 405 2382 452 2436; x_wconf 90' lang='lat' dir='ltr'>si</span> <span class='ocrx_word' id='word_1_233' title='bbox 488 2380 790 2435; x_wconf 75' lang='lat' dir='ltr'>adiuvisset</span> <span class='ocrx_word' id='word_1_234' title='bbox 814 2381 1267 2444; x_wconf 77' lang='lat' dir='ltr'>debellatur-(us)</span> <span class='ocrx_word' id='word_1_235' title='bbox 1295 2398 1413 2435; x_wconf 88' lang='lat' dir='ltr'>esse</span> <span class='ocrx_word' id='word_1_236' title='bbox 1439 2381 1884 2447; x_wconf 87' lang='lat' dir='ltr'>&lt;vider&gt;et&lt;ur&gt;,</span> <span class='ocrx_word' id='word_1_237' title='bbox 1920 2385 2236 2450; x_wconf 88' lang='lat' dir='ltr'>opportune</span> <span class='ocrx_word' id='word_1_238' title='bbox 2267 2380 2572 2435; x_wconf 85' lang='lat' dir='ltr'>adhortans</span> 
     </span>
     <span class='ocr_line' id='line_1_27' title="bbox 156 2466 2569 2535; baseline -0.001 -13"><span class='ocrx_word' id='word_1_239' title='bbox 156 2470 207 2522; x_wconf 89' lang='lat' dir='ltr'>ei</span> <span class='ocrx_word' id='word_1_240' title='bbox 246 2467 571 2535; x_wconf 85' lang='lat' dir='ltr'>supervenit</span> <span class='ocrx_word' id='word_1_241' title='bbox 605 2466 851 2535; x_wconf 85' lang='lat' dir='ltr'>phalanx</span> <span class='ocrx_word' id='word_1_242' title='bbox 888 2468 1079 2520; x_wconf 84' lang='lat' dir='ltr'>Hartel</span> <span class='ocrx_word' id='word_1_243' title='bbox 1097 2470 1130 2521; x_wconf 88' lang='lat' dir='ltr'>I.</span> <span class='ocrx_word' id='word_1_244' title='bbox 1170 2470 1220 2534; x_wconf 79' lang='lat' dir='ltr'>l..</span> <span class='ocrx_word' id='word_1_245' title='bbox 1260 2468 1306 2522; x_wconf 90' lang='lat' dir='ltr'>si</span> <span class='ocrx_word' id='word_1_246' title='bbox 1339 2468 1700 2534; x_wconf 79' lang='lat' dir='ltr'>adiuvissent,</span> <span class='ocrx_word' id='word_1_247' title='bbox 1730 2468 2068 2522; x_wconf 88' lang='lat' dir='ltr'>debellatum</span> <span class='ocrx_word' id='word_1_248' title='bbox 2095 2468 2569 2534; x_wconf 77' lang='lat' dir='ltr'>esse&lt;clamaret&gt;,</span> 
     </span>
     <span class='ocr_line' id='line_1_28' title="bbox 158 2553 2570 2623; baseline -0 -14"><span class='ocrx_word' id='word_1_249' title='bbox 158 2559 480 2623; x_wconf 85' lang='lat' dir='ltr'>opportune</span> <span class='ocrx_word' id='word_1_250' title='bbox 517 2554 838 2608; x_wconf 88' lang='lat' dir='ltr'>adhortanti</span> <span class='ocrx_word' id='word_1_251' title='bbox 875 2554 1199 2621; x_wconf 84' lang='lat' dir='ltr'>supervenit</span> <span class='ocrx_word' id='word_1_252' title='bbox 1246 2554 1494 2622; x_wconf 84' lang='lat' dir='ltr'>phalanx</span> <span class='ocrx_word' id='word_1_253' title='bbox 1531 2555 1768 2623; x_wconf 75' lang='lat' dir='ltr'>Madviy,</span> <span class='ocrx_word' id='word_1_254' title='bbox 1819 2556 1981 2607; x_wconf 84' lang='lat' dir='ltr'>Hertz</span> <span class='ocrx_word' id='word_1_255' title='bbox 2028 2553 2096 2620; x_wconf 88' lang='lat' dir='ltr'>(si</span> <span class='ocrx_word' id='word_1_256' title='bbox 2132 2555 2438 2609; x_wconf 85' lang='lat' dir='ltr'>adiuvisset</span> <span class='ocrx_word' id='word_1_257' title='bbox 2474 2556 2570 2608; x_wconf 88' lang='lat' dir='ltr'>de-</span> 
     </span>
     <span class='ocr_line' id='line_1_29' title="bbox 156 2639 2570 2712; baseline -0.001 -16"><span class='ocrx_word' id='word_1_258' title='bbox 156 2643 473 2696; x_wconf 84' lang='lat' dir='ltr'>bellaturus</span> <span class='ocrx_word' id='word_1_259' title='bbox 511 2646 659 2695; x_wconf 86' lang='lat' dir='ltr'>esset</span> <span class='ocrx_word' id='word_1_260' title='bbox 705 2639 811 2707; x_wconf 76' lang='lat' dir='ltr'>[sic</span> <span class='ocrx_word' id='word_1_261' title='bbox 845 2645 1002 2695; x_wconf 83' lang='lat' dir='ltr'>etiam</span> <span class='ocrx_word' id='word_1_262' title='bbox 1039 2644 1083 2695; x_wconf 90' lang='lat' dir='ltr'>I.</span> <span class='ocrx_word' id='word_1_263' title='bbox 1122 2644 1185 2696; x_wconf 88' lang='lat' dir='ltr'>F.</span> <span class='ocrx_word' id='word_1_264' title='bbox 1210 2641 1550 2711; x_wconf 79' lang='lat' dir='ltr'>Gronovius],</span> <span class='ocrx_word' id='word_1_265' title='bbox 1600 2648 1918 2712; x_wconf 88' lang='lat' dir='ltr'>opportune</span> <span class='ocrx_word' id='word_1_266' title='bbox 1954 2644 2132 2697; x_wconf 87' lang='lat' dir='ltr'>adhuc</span> <span class='ocrx_word' id='word_1_267' title='bbox 2171 2642 2341 2698; x_wconf 87' lang='lat' dir='ltr'>stanti</span> <span class='ocrx_word' id='word_1_268' title='bbox 2377 2659 2570 2708; x_wconf 88' lang='lat' dir='ltr'>super-</span> 
     </span>
     <span class='ocr_line' id='line_1_30' title="bbox 160 2727 2566 2800; baseline -0 -17"><span class='ocrx_word' id='word_1_269' title='bbox 160 2729 317 2783; x_wconf 87' lang='lat' dir='ltr'>venit</span> <span class='ocrx_word' id='word_1_270' title='bbox 354 2728 602 2796; x_wconf 85' lang='lat' dir='ltr'>phalanx</span> <span class='ocrx_word' id='word_1_271' title='bbox 643 2727 879 2794; x_wconf 59' lang='lat' dir='ltr'>Cre&#39;viem</span> <span class='ocrx_word' id='word_1_272' title='bbox 925 2732 1158 2796; x_wconf 78' lang='lat' dir='ltr'>Vahleni,</span> <span class='ocrx_word' id='word_1_273' title='bbox 1198 2733 1289 2800; x_wconf 85' lang='lat' dir='ltr'>qui</span> <span class='ocrx_word' id='word_1_274' title='bbox 1323 2734 1384 2783; x_wconf 85' lang='lat' dir='ltr'>de</span> <span class='ocrx_word' id='word_1_275' title='bbox 1420 2734 1612 2784; x_wconf 84' lang='lat' dir='ltr'>lacuna</span> <span class='ocrx_word' id='word_1_276' title='bbox 1648 2734 1853 2800; x_wconf 76' lang='lat' dir='ltr'>coyitat,</span> <span class='ocrx_word' id='word_1_277' title='bbox 1897 2733 2190 2800; x_wconf 76' lang='lat' dir='ltr'>opinionem</span> <span class='ocrx_word' id='word_1_278' title='bbox 2239 2733 2336 2783; x_wconf 80' lang='lat' dir='ltr'>vid.</span> <span class='ocrx_word' id='word_1_279' title='bbox 2374 2731 2566 2798; x_wconf 77' lang='lat' dir='ltr'>ephem.</span> 
     </span>
     <span class='ocr_line' id='line_1_31' title="bbox 157 2814 2568 2885; baseline 0.001 -17"><span class='ocrx_word' id='word_1_280' title='bbox 157 2817 337 2870; x_wconf 78' lang='lat' dir='ltr'>Austr.</span> <span class='ocrx_word' id='word_1_281' title='bbox 386 2814 542 2868; x_wconf 84' lang='grc'><em>1866</em></span> <span class='ocrx_word' id='word_1_282' title='bbox 584 2835 642 2885; x_wconf 83' lang='lat' dir='ltr'>p.</span> <span class='ocrx_word' id='word_1_283' title='bbox 677 2814 834 2881; x_wconf 85' lang='lat'>307).</span> <span class='ocrx_word' id='word_1_284' title='bbox 885 2816 893 2881; x_wconf 98' lang='grc' dir='ltr'>Ι</span> <span class='ocrx_word' id='word_1_285' title='bbox 941 2819 992 2869; x_wconf 90' lang='grc'>4.</span> <span class='ocrx_word' id='word_1_286' title='bbox 1050 2814 1371 2885; x_wconf 69' lang='lat' dir='ltr'>dellesset*.</span> <span class='ocrx_word' id='word_1_287' title='bbox 1427 2817 1436 2883; x_wconf 92' lang='grc' dir='ltr'>Ι</span> <span class='ocrx_word' id='word_1_288' title='bbox 1492 2821 1542 2871; x_wconf 86' lang='grc'>5.</span> <span class='ocrx_word' id='word_1_289' title='bbox 1580 2818 1906 2872; x_wconf 83' lang='lat' dir='ltr'>adduxerat.</span> <span class='ocrx_word' id='word_1_290' title='bbox 1982 2815 1990 2881; x_wconf 96' lang='grc' dir='ltr'>Ι</span> <span class='ocrx_word' id='word_1_291' title='bbox 2062 2820 2111 2871; x_wconf 86' lang='grc'>6.</span> <span class='ocrx_word' id='word_1_292' title='bbox 2148 2816 2568 2882; x_wconf 83' lang='lat' dir='ltr'>fluctuantiregi</span> 
     </span>
     <span class='ocr_line' id='line_1_32' title="bbox 158 2900 2569 2974; baseline 0 -18"><span class='ocrx_word' id='word_1_293' title='bbox 158 2900 489 2969; x_wconf 82' lang='lat' dir='ltr'>(fluctuante</span> <span class='ocrx_word' id='word_1_294' title='bbox 543 2919 677 2970; x_wconf 87' lang='lat' dir='ltr'>rege</span> <span class='ocrx_word' id='word_1_295' title='bbox 730 2907 809 2958; x_wconf 85' lang='lat' dir='ltr'>ed.</span> <span class='ocrx_word' id='word_1_296' title='bbox 870 2905 991 2958; x_wconf 69' lang='lat' dir='ltr'>Bas.</span> <span class='ocrx_word' id='word_1_297' title='bbox 1032 2903 1182 2956; x_wconf 77' lang='lat'><em>1531</em></span> <span class='ocrx_word' id='word_1_298' title='bbox 1236 2915 1283 2957; x_wconf 89' lang='lat' dir='ltr'>et</span> <span class='ocrx_word' id='word_1_299' title='bbox 1337 2923 1439 2974; x_wconf 82' lang='lat' dir='ltr'>seq.</span> <span class='ocrx_word' id='word_1_300' title='bbox 1477 2907 1570 2958; x_wconf 84' lang='lat' dir='ltr'>sed</span> <span class='ocrx_word' id='word_1_301' title='bbox 1603 2906 1673 2970; x_wconf 82' lang='lat' dir='ltr'>cf.</span> <span class='ocrx_word' id='word_1_302' title='bbox 1711 2906 2009 2957; x_wconf 81' lang='lat' dir='ltr'>Hartelium</span> <span class='ocrx_word' id='word_1_303' title='bbox 2048 2907 2080 2956; x_wconf 89' lang='lat' dir='ltr'>l.</span> <span class='ocrx_word' id='word_1_304' title='bbox 2118 2901 2197 2969; x_wconf 68' lang='lat' dir='ltr'>L).</span> <span class='ocrx_word' id='word_1_305' title='bbox 2261 2904 2268 2967; x_wconf 94' lang='grc' dir='ltr'>Ι</span> <span class='ocrx_word' id='word_1_306' title='bbox 2329 2907 2569 2956; x_wconf 88' lang='lat' dir='ltr'>metum·-</span> 
     </span>
     <span class='ocr_line' id='line_1_33' title="bbox 160 2987 2568 3058; baseline -0 -15"><span class='ocrx_word' id='word_1_307' title='bbox 160 2994 547 3057; x_wconf 85' lang='lat' dir='ltr'>queactantae.</span> <span class='ocrx_word' id='word_1_308' title='bbox 596 2987 606 3054; x_wconf 94' lang='grc' dir='ltr'>Ι</span> <span class='ocrx_word' id='word_1_309' title='bbox 656 2993 705 3043; x_wconf 90' lang='lat'>7.</span> <span class='ocrx_word' id='word_1_310' title='bbox 742 2991 1152 3058; x_wconf 74' lang='lat' dir='ltr'>EumeniregiS,</span> <span class='ocrx_word' id='word_1_311' title='bbox 1189 2991 1459 3045; x_wconf 88' lang='lat' dir='ltr'>Eumenis</span> <span class='ocrx_word' id='word_1_312' title='bbox 1494 2991 1644 3058; x_wconf 84' lang='lat' dir='ltr'>regis</span> <span class='ocrx_word' id='word_1_313' title='bbox 1680 2994 1758 3044; x_wconf 85' lang='lat' dir='ltr'>ed.</span> <span class='ocrx_word' id='word_1_314' title='bbox 1795 2992 1923 3043; x_wconf 79' lang='lat' dir='ltr'>Bas.</span> <span class='ocrx_word' id='word_1_315' title='bbox 1964 2988 2130 3056; x_wconf 69' lang='lat'><strong><em>1531,</em></strong></span> <span class='ocrx_word' id='word_1_316' title='bbox 2168 2989 2408 3044; x_wconf 88' lang='lat' dir='ltr'>Eumeni</span> <span class='ocrx_word' id='word_1_317' title='bbox 2444 2990 2568 3056; x_wconf 86' lang='lat' dir='ltr'>regi</span> 
     </span>
     <span class='ocr_line' id='line_1_34' title="bbox 160 3075 2568 3145; baseline -0.001 -17"><span class='ocrx_word' id='word_1_318' title='bbox 160 3077 381 3145; x_wconf 72' lang='lat' dir='ltr'>Madviq</span> <span class='ocrx_word' id='word_1_319' title='bbox 425 3077 546 3130; x_wconf 87' lang='lat' dir='ltr'>Em.</span> <span class='ocrx_word' id='word_1_320' title='bbox 582 3077 646 3129; x_wconf 87' lang='lat' dir='ltr'>L.</span> <span class='ocrx_word' id='word_1_321' title='bbox 677 3095 736 3145; x_wconf 84' lang='lat' dir='ltr'>p.</span> <span class='ocrx_word' id='word_1_322' title='bbox 773 3077 902 3131; x_wconf 77' lang='grc'><em>657.</em></span> <span class='ocrx_word' id='word_1_323' title='bbox 935 3076 944 3143; x_wconf 98' lang='grc' dir='ltr'>Ι</span> <span class='ocrx_word' id='word_1_324' title='bbox 975 3080 1026 3130; x_wconf 90' lang='grc'>8.</span> <span class='ocrx_word' id='word_1_325' title='bbox 1065 3082 1470 3132; x_wconf 84' lang='lat' dir='ltr'>ususususerat.</span> <span class='ocrx_word' id='word_1_326' title='bbox 1522 3075 1529 3142; x_wconf 95' lang='grc' dir='ltr'>Ι</span> <span class='ocrx_word' id='word_1_327' title='bbox 1579 3076 2127 3143; x_wconf 86' lang='lat' dir='ltr'>agmenimpeditum,</span> <span class='ocrx_word' id='word_1_328' title='bbox 2166 3094 2298 3128; x_wconf 88' lang='lat' dir='ltr'>corr.</span> <span class='ocrx_word' id='word_1_329' title='bbox 2338 3077 2383 3129; x_wconf 89' lang='lat' dir='ltr'>I.</span> <span class='ocrx_word' id='word_1_330' title='bbox 2416 3076 2568 3127; x_wconf 83' lang='lat' dir='ltr'>Peri-</span> 
     </span>
     <span class='ocr_line' id='line_1_35' title="bbox 157 3160 2569 3232; baseline 0 -17"><span class='ocrx_word' id='word_1_331' title='bbox 157 3165 351 3217; x_wconf 79' lang='lat' dir='ltr'>zonius,</span> <span class='ocrx_word' id='word_1_332' title='bbox 386 3162 394 3227; x_wconf 95' lang='grc' dir='ltr'>Ι</span> <span class='ocrx_word' id='word_1_333' title='bbox 427 3165 477 3216; x_wconf 86' lang='lat'>9.</span> <span class='ocrx_word' id='word_1_334' title='bbox 492 3163 562 3216; x_wconf 88' lang='lat' dir='ltr'>ad</span> <span class='ocrx_word' id='word_1_335' title='bbox 580 3180 769 3231; x_wconf 86' lang='lat' dir='ltr'>regem</span> <span class='ocrx_word' id='word_1_336' title='bbox 796 3166 977 3217; x_wconf 75' lang='lat' dir='ltr'>indus.</span> <span class='ocrx_word' id='word_1_337' title='bbox 1002 3165 1190 3216; x_wconf 85' lang='lat' dir='ltr'>Hartel</span> <span class='ocrx_word' id='word_1_338' title='bbox 1227 3166 1260 3216; x_wconf 89' lang='lat' dir='ltr'>l.</span> <span class='ocrx_word' id='word_1_339' title='bbox 1298 3166 1353 3230; x_wconf 76' lang='grc'>2.,</span> <span class='ocrx_word' id='word_1_340' title='bbox 1390 3165 1462 3232; x_wconf 90' lang='lat' dir='ltr'>cf.</span> <span class='ocrx_word' id='word_1_341' title='bbox 1502 3165 1657 3215; x_wconf 81' lang='lat' dir='ltr'>etiam</span> <span class='ocrx_word' id='word_1_342' title='bbox 1694 3164 1910 3215; x_wconf 82' lang='lat' dir='ltr'>Harant</span> <span class='ocrx_word' id='word_1_343' title='bbox 1939 3181 1996 3231; x_wconf 80' lang='lat' dir='ltr'>p.</span> <span class='ocrx_word' id='word_1_344' title='bbox 2034 3160 2171 3214; x_wconf 75' lang='lat'>253.</span> <span class='ocrx_word' id='word_1_345' title='bbox 2204 3160 2212 3225; x_wconf 98' lang='grc' dir='ltr'>Ι</span> <span class='ocrx_word' id='word_1_346' title='bbox 2250 3165 2329 3214; x_wconf 92' lang='lat' dir='ltr'>ll.</span> <span class='ocrx_word' id='word_1_347' title='bbox 2366 3161 2569 3216; x_wconf 88' lang='lat' dir='ltr'>hones·-</span> 
     </span>
     <span class='ocr_line' id='line_1_36' title="bbox 157 3246 2566 3318; baseline -0.001 -14"><span class='ocrx_word' id='word_1_348' title='bbox 157 3249 680 3304; x_wconf 76' lang='lat' dir='ltr'>taeteondicionem.</span> <span class='ocrx_word' id='word_1_349' title='bbox 726 3247 736 3318; x_wconf 91' lang='grc' dir='ltr'>Ι</span> <span class='ocrx_word' id='word_1_350' title='bbox 786 3254 866 3303; x_wconf 86' lang='grc'>12.</span> <span class='ocrx_word' id='word_1_351' title='bbox 898 3251 1188 3318; x_wconf 70' lang='lat' dir='ltr'>plurimus</span> <span class='ocrx_word' id='word_1_352' title='bbox 1219 3248 1226 3318; x_wconf 94' lang='grc' dir='ltr'>Ι</span> <span class='ocrx_word' id='word_1_353' title='bbox 1269 3248 1651 3317; x_wconf 69' lang='grc' dir='ltr'>εθᾳιιθτθΙΙῒατ.</span> <span class='ocrx_word' id='word_1_354' title='bbox 1681 3247 1690 3317; x_wconf 90' lang='grc' dir='ltr'>Ι</span> <span class='ocrx_word' id='word_1_355' title='bbox 1722 3253 1802 3303; x_wconf 87' lang='grc'>13.</span> <span class='ocrx_word' id='word_1_356' title='bbox 1840 3248 2090 3317; x_wconf 88' lang='lat' dir='ltr'>prunior.</span> <span class='ocrx_word' id='word_1_357' title='bbox 2121 3246 2130 3317; x_wconf 94' lang='grc' dir='ltr'>Ι</span> <span class='ocrx_word' id='word_1_358' title='bbox 2161 3251 2242 3301; x_wconf 84' lang='lat'>15.</span> <span class='ocrx_word' id='word_1_359' title='bbox 2259 3254 2566 3302; x_wconf 85' lang='lat' dir='ltr'>caneretre.</span> 
     </span>
     <span class='ocr_line' id='line_1_37' title="bbox 162 3333 2564 3406; baseline -0.001 -17"><span class='ocrx_word' id='word_1_360' title='bbox 162 3336 170 3403; x_wconf 95' lang='grc' dir='ltr'>Ι</span> <span class='ocrx_word' id='word_1_361' title='bbox 224 3340 306 3390; x_wconf 92' lang='grc'>16.</span> <span class='ocrx_word' id='word_1_362' title='bbox 328 3350 372 3387; x_wconf 78' lang='grc' dir='ltr'><strong>Π</strong></span> <span class='ocrx_word' id='word_1_363' title='bbox 391 3337 542 3390; x_wconf 89' lang='lat' dir='ltr'>haut.</span> <span class='ocrx_word' id='word_1_364' title='bbox 575 3335 586 3403; x_wconf 96' lang='grc' dir='ltr'>Ι</span> <span class='ocrx_word' id='word_1_365' title='bbox 619 3340 698 3391; x_wconf 90' lang='grc'>17.</span> <span class='ocrx_word' id='word_1_366' title='bbox 720 3337 1399 3406; x_wconf 85' lang='lat' dir='ltr'>captiacfermeccequites</span> <span class='ocrx_word' id='word_1_367' title='bbox 1420 3337 1593 3405; x_wconf 88' lang='lat' dir='ltr'>(capti</span> <span class='ocrx_word' id='word_1_368' title='bbox 1613 3337 1785 3390; x_wconf 89' lang='lat' dir='ltr'>ferme</span> <span class='ocrx_word' id='word_1_369' title='bbox 1807 3350 1871 3389; x_wconf 84' lang='lat' dir='ltr'>co</span> <span class='ocrx_word' id='word_1_370' title='bbox 1888 3336 2103 3404; x_wconf 86' lang='lat' dir='ltr'>equites</span> <span class='ocrx_word' id='word_1_371' title='bbox 2118 3338 2195 3388; x_wconf 86' lang='lat' dir='ltr'>ed.</span> <span class='ocrx_word' id='word_1_372' title='bbox 2222 3336 2352 3388; x_wconf 82' lang='lat' dir='ltr'>Bas.</span> <span class='ocrx_word' id='word_1_373' title='bbox 2374 3333 2564 3400; x_wconf 80' lang='lat'>1531),</span> 
     </span>
     <span class='ocr_line' id='line_1_38' title="bbox 169 3421 2564 3493; baseline -0.001 -17"><span class='ocrx_word' id='word_1_374' title='bbox 169 3424 320 3492; x_wconf 86' lang='lat' dir='ltr'>capti</span> <span class='ocrx_word' id='word_1_375' title='bbox 354 3437 428 3476; x_wconf 83' lang='lat' dir='ltr'>no</span> <span class='ocrx_word' id='word_1_376' title='bbox 447 3423 621 3477; x_wconf 83' lang='lat' dir='ltr'>ferme</span> <span class='ocrx_word' id='word_1_377' title='bbox 649 3424 866 3492; x_wconf 57' lang='lat' dir='ltr'>Mada-iq</span> <span class='ocrx_word' id='word_1_378' title='bbox 894 3426 1013 3478; x_wconf 89' lang='lat' dir='ltr'>Em.</span> <span class='ocrx_word' id='word_1_379' title='bbox 1035 3425 1098 3477; x_wconf 90' lang='lat' dir='ltr'>L.</span> <span class='ocrx_word' id='word_1_380' title='bbox 1130 3444 1185 3493; x_wconf 84' lang='lat' dir='ltr'>p.</span> <span class='ocrx_word' id='word_1_381' title='bbox 1208 3425 1321 3478; x_wconf 72' lang='lat'>6⁴57</span> <span class='ocrx_word' id='word_1_382' title='bbox 1361 3423 1534 3493; x_wconf 85' lang='lat' dir='ltr'>(capti</span> <span class='ocrx_word' id='word_1_383' title='bbox 1560 3424 1800 3479; x_wconf 88' lang='lat' dir='ltr'>sescenti</span> <span class='ocrx_word' id='word_1_384' title='bbox 1834 3424 2011 3477; x_wconf 84' lang='lat' dir='ltr'>ferme</span> <span class='ocrx_word' id='word_1_385' title='bbox 2036 3423 2251 3489; x_wconf 88' lang='lat' dir='ltr'>equites</span> <span class='ocrx_word' id='word_1_386' title='bbox 2271 3421 2564 3489; x_wconf 72' lang='lat' dir='ltr'>Kreyssiy).</span> 
     </span>
     <span class='ocr_line' id='line_1_39' title="bbox 170 3506 2566 3578; baseline -0.001 -15"><span class='ocrx_word' id='word_1_387' title='bbox 170 3506 179 3577; x_wconf 92' lang='grc' dir='ltr'>Ι</span> <span class='ocrx_word' id='word_1_388' title='bbox 219 3509 455 3578; x_wconf 83' lang='lat' dir='ltr'>exregis.</span> <span class='ocrx_word' id='word_1_389' title='bbox 489 3509 498 3574; x_wconf 97' lang='grc' dir='ltr'>Ι</span> <span class='ocrx_word' id='word_1_390' title='bbox 533 3513 613 3564; x_wconf 90' lang='grc'>19.</span> <span class='ocrx_word' id='word_1_391' title='bbox 650 3511 767 3564; x_wconf 86' lang='lat' dir='ltr'>lati.</span> <span class='ocrx_word' id='word_1_392' title='bbox 812 3509 821 3578; x_wconf 88' lang='grc' dir='ltr'>Ι</span> <span class='ocrx_word' id='word_1_393' title='bbox 865 3516 948 3565; x_wconf 85' lang='grc'>20.</span> <span class='ocrx_word' id='word_1_394' title='bbox 987 3511 1464 3565; x_wconf 88' lang='lat' dir='ltr'>laetitiaminabat.</span> <span class='ocrx_word' id='word_1_395' title='bbox 1510 3511 1518 3576; x_wconf 95' lang='grc' dir='ltr'>Ι</span> <span class='ocrx_word' id='word_1_396' title='bbox 1564 3510 2197 3578; x_wconf 87' lang='lat' dir='ltr'>enimsuperfixacapita,</span> <span class='ocrx_word' id='word_1_397' title='bbox 2237 3509 2383 3562; x_wconf 90' lang='lat' dir='ltr'>enim</span> <span class='ocrx_word' id='word_1_398' title='bbox 2415 3525 2566 3561; x_wconf 87' lang='lat' dir='ltr'>rum-</span> 
     </span>
     <span class='ocr_line' id='line_1_40' title="bbox 156 3593 2566 3669; baseline -0.002 -20"><span class='ocrx_word' id='word_1_399' title='bbox 156 3597 270 3665; x_wconf 88' lang='lat' dir='ltr'>piis</span> <span class='ocrx_word' id='word_1_400' title='bbox 305 3594 422 3650; x_wconf 85' lang='lat' dir='ltr'>fixa</span> <span class='ocrx_word' id='word_1_401' title='bbox 459 3597 644 3663; x_wconf 90' lang='lat' dir='ltr'>capita</span> <span class='ocrx_word' id='word_1_402' title='bbox 678 3598 893 3651; x_wconf 79' lang='lat' dir='ltr'>Harant</span> <span class='ocrx_word' id='word_1_403' title='bbox 922 3617 978 3667; x_wconf 82' lang='lat' dir='ltr'>p.</span> <span class='ocrx_word' id='word_1_404' title='bbox 1015 3597 1151 3663; x_wconf 76' lang='lat'>253,</span> <span class='ocrx_word' id='word_1_405' title='bbox 1190 3600 1262 3669; x_wconf 82' lang='lat' dir='ltr'>cf.</span> <span class='ocrx_word' id='word_1_406' title='bbox 1292 3599 1505 3666; x_wconf 89' lang='lat' dir='ltr'>XXXI,</span> <span class='ocrx_word' id='word_1_407' title='bbox 1533 3597 1623 3658; x_wconf 80' lang='lat'>39.</span> <span class='ocrx_word' id='word_1_408' title='bbox 1653 3597 1723 3649; x_wconf 86' lang='lat'>11</span> <span class='ocrx_word' id='word_1_409' title='bbox 1760 3594 1929 3663; x_wconf 89' lang='lat' dir='ltr'>(enim</span> <span class='ocrx_word' id='word_1_410' title='bbox 1956 3596 2258 3664; x_wconf 81' lang='lat' dir='ltr'>(rumpiis)</span> <span class='ocrx_word' id='word_1_411' title='bbox 2284 3593 2566 3662; x_wconf 86' lang='lat' dir='ltr'>superfixa</span> 
     </span>
     <span class='ocr_line' id='line_1_41' title="bbox 163 3682 2564 3752; baseline -0.002 -16"><span class='ocrx_word' id='word_1_412' title='bbox 163 3683 345 3751; x_wconf 80' lang='lat' dir='ltr'>capita</span> <span class='ocrx_word' id='word_1_413' title='bbox 381 3685 489 3737; x_wconf 84' lang='lat' dir='ltr'>iam</span> <span class='ocrx_word' id='word_1_414' title='bbox 523 3684 899 3736; x_wconf 77' lang='lat' dir='ltr'>Drakenborch</span> <span class='ocrx_word' id='word_1_415' title='bbox 937 3687 990 3737; x_wconf 84' lang='lat' dir='ltr'>in</span> <span class='ocrx_word' id='word_1_416' title='bbox 1027 3683 1197 3752; x_wconf 72' lang='lat' dir='ltr'>adn),</span> <span class='ocrx_word' id='word_1_417' title='bbox 1237 3684 1383 3739; x_wconf 87' lang='lat' dir='ltr'>enim</span> <span class='ocrx_word' id='word_1_418' title='bbox 1423 3682 1952 3752; x_wconf 83' lang='lat' dir='ltr'>superfixa&lt;hastis&gt;</span> <span class='ocrx_word' id='word_1_419' title='bbox 1991 3682 2174 3749; x_wconf 86' lang='lat' dir='ltr'>capita</span> <span class='ocrx_word' id='word_1_420' title='bbox 2194 3684 2237 3734; x_wconf 89' lang='lat' dir='ltr'>I.</span> <span class='ocrx_word' id='word_1_421' title='bbox 2266 3683 2328 3734; x_wconf 91' lang='lat' dir='ltr'>F.</span> <span class='ocrx_word' id='word_1_422' title='bbox 2358 3682 2564 3733; x_wconf 83' lang='lat' dir='ltr'>Grono-</span> 
     </span>
     <span class='ocr_line' id='line_1_42' title="bbox 162 3765 2567 3839; baseline -0.005 -14"><span class='ocrx_word' id='word_1_423' title='bbox 162 3774 286 3839; x_wconf 66' lang='lat' dir='ltr'>viuS,</span> <span class='ocrx_word' id='word_1_424' title='bbox 343 3770 578 3837; x_wconf 59' lang='lat' dir='ltr'>Madvig),</span> <span class='ocrx_word' id='word_1_425' title='bbox 632 3771 810 3838; x_wconf 87' lang='lat' dir='ltr'>Hertz,</span> <span class='ocrx_word' id='word_1_426' title='bbox 877 3772 1231 3824; x_wconf 76' lang='lat' dir='ltr'>Weissenborn</span> <span class='ocrx_word' id='word_1_427' title='bbox 1295 3770 1465 3836; x_wconf 88' lang='lat' dir='ltr'>(enim</span> <span class='ocrx_word' id='word_1_428' title='bbox 1524 3768 2056 3837; x_wconf 84' lang='lat' dir='ltr'>superfixa&lt;contis&gt;</span> <span class='ocrx_word' id='word_1_429' title='bbox 2114 3769 2297 3835; x_wconf 87' lang='lat' dir='ltr'>capita</span> <span class='ocrx_word' id='word_1_430' title='bbox 2353 3765 2567 3819; x_wconf 76' lang='lat' dir='ltr'>Ernesti</span> 
     </span>
    </p>
   </div>
   <div class='ocr_carea' id='block_1_7' title="bbox 157 3856 751 3925">
    <p class='ocr_par' dir='ltr' id='par_1_10' title="bbox 157 3856 751 3925">
     <span class='ocr_line' id='line_1_43' title="bbox 157 3856 751 3925; baseline 0 -15"><span class='ocrx_word' id='word_1_431' title='bbox 157 3859 308 3925; x_wconf 60' lang='lat' dir='ltr'>‚qlosa</span> <span class='ocrx_word' id='word_1_432' title='bbox 348 3857 464 3909; x_wconf 81' lang='lat' dir='ltr'>Liv.</span> <span class='ocrx_word' id='word_1_433' title='bbox 495 3875 553 3925; x_wconf 84' lang='lat' dir='ltr'>p.</span> <span class='ocrx_word' id='word_1_434' title='bbox 591 3856 751 3922; x_wconf 74' lang='lat'>645).</span> 
     </span>
    </p>
   </div>
  </div>
 </body>
</html>
